@article{emad2016unite,
	title={Unite and conquer approach for high scale numerical computing},
	author={Emad, Nahid and Petiton, Serge},
	journal={Journal of Computational Science},
	volume={14},
	pages={5--14},
	year={2016},
	publisher={Elsevier}
}

@article{davis2011university,
	title={The University of Florida sparse matrix collection},
	author={Davis, Timothy A and Hu, Yifan},
	journal={ACM Transactions on Mathematical Software (TOMS)},
	volume={38},
	number={1},
	pages={1},
	year={2011},
	publisher={ACM}
}

@incollection{boisvert1997matrix,
	title={Matrix market: a web resource for test matrix collections},
	author={Boisvert, Ronald F and Pozo, Roldan and Remington, Karin and Barrett, Richard F and Dongarra, Jack J},
	booktitle={Quality of Numerical Software},
	pages={125--137},
	year={1997},
	publisher={Springer}
}
@book{saad2011numerical,
	title={Numerical Methods for Large Eigenvalue Problems: Revised Edition},
	author={Saad, Yousef},
	year={2011},
	publisher={SIAM}
}

@article{hernandez2005single,
	title={Single vector iteration methods in SLEPc},
	author={Hernandez, V and Roman, JE and Tomas, A and Vidal, V},
	journal={Scalable Library for Eigenvalue Problem Computations},
	year={2005}
}

@techreport{balay2016petsc,
	title={Petsc users manual revision 3.7},
	author={Balay, Satish and Abhyankar, Shrirang and Adams, M and Brune, Peter and Buschelman, Kris and Dalcin, L and Gropp, W and Smith, Barry and Karpeyev, D and Kaushik, Dinesh and others},
	year={2016},
	institution={Argonne National Lab.(ANL), Argonne, IL (United States)}
}

@article{bai1996test,
	title={A test matrix collection for non-Hermitian eigenvalue problems},
	author={Bai, Zhaojun and Day, David and Demmel, James and Dongarra, Jack},
	journal={Prof. Z. Bai, Dept. of Mathematics},
	volume={751},
	pages={40506--0027},
	year={1996}
}

@inproceedings{demmel1989test,
	title={A test matrix generation suite},
	author={Demmel, James and McKenney, Alan},
	booktitle={Courant Institute of Mathematical Sciences},
	year={1989},
	organization={Citeseer}
}


@article{golub1983matrix,
	title={Matrix computations, The John’s Hopkins Univ},
	author={Golub, Gene H and Van Loan, Charles F},
	journal={Press, Baltimore},
	year={1983}
}

@article{ipsen1997computing,
	title={Computing an eigenvector with inverse iteration},
	author={Ipsen, Ilse CF},
	journal={SIAM review},
	volume={39},
	number={2},
	pages={254--291},
	year={1997},
	publisher={SIAM}
}

@article{saad1987least,
	title={Least squares polynomials in the complex plane and their use for solving nonsymmetric linear systems},
	author={Saad, Youcef},
	journal={SIAM Journal on Numerical Analysis},
	volume={24},
	number={1},
	pages={155--169},
	year={1987},
	publisher={SIAM}
}

@article{fender2017parallel,
	title={Parallel Modularity Clustering},
	author={Fender, Alexandre and Emad, Nahid and Petiton, Serge and Naumov, Maxim},
	journal={Procedia Computer Science},
	volume={108},
	pages={1793--1802},
	year={2017},
	publisher={Elsevier}
}

@article{croux2000principal,
	title={Principal component analysis based on robust estimators of the covariance or correlation matrix: influence functions and efficiencies},
	author={Croux, Christophe and Haesbroeck, Gentiane},
	journal={Biometrika},
	volume={87},
	number={3},
	pages={603--618},
	year={2000},
	publisher={Oxford University Press}
}

@inproceedings{berkes2005handwritten,
	title={Handwritten digit recognition with nonlinear fisher discriminant analysis},
	author={Berkes, Pietro},
	booktitle={Proceedings of the 15th international conference on Artificial neural networks: formal models and their applications-Volume Part II},
	pages={285--287},
	year={2005},
	organization={Springer-Verlag}
}

@article{feit1982solution,
	title={Solution of the Schr{\"o}dinger equation by a spectral method},
	author={Feit, MD and Fleck, JA and Steiger, A},
	journal={Journal of Computational Physics},
	volume={47},
	number={3},
	pages={412--433},
	year={1982},
	publisher={Elsevier}
}

@article{sakurai2010parallel,
	title={A parallel eigensolver using contour integration for generalized eigenvalue problems in molecular simulation},
	author={Sakurai, Tetsuya and Tadano, Hiroto and Ikegami, Tsutomu and Nagashima, Umpei},
	journal={Taiwanese Journal of Mathematics},
	pages={855--867},
	year={2010},
	publisher={JSTOR}
}

@article{dupros2010high,
	title={High-performance finite-element simulations of seismic wave propagation in three-dimensional nonlinear inelastic geological media},
	author={Dupros, Fabrice and De Martin, Florent and Foerster, Evelyne and Komatitsch, Dimitri and Roman, Jean},
	journal={Parallel Computing},
	volume={36},
	number={5},
	pages={308--325},
	year={2010},
	publisher={Elsevier}
}

@article{galichergenerate,
	title={Generate Very Large Sparse Matrices Starting from a Given Spectrum. In lecture notes in Computer Science, 8969, Springer (2014)},
	author={Galicher, Herv{\'e} and Boillod-Cerneux, France and Petiton, Serge and Calvin, Christophe}
}

@article{petiton1992parallel,
	title={Parallel subspace method for non-Hermitian eigenproblems on the Connection Machine (CM2)},
	author={Petiton, Serge G},
	journal={Applied Numerical Mathematics},
	volume={10},
	number={1},
	pages={19--35},
	year={1992},
	publisher={Elsevier}
}

@inproceedings{wu:hal-01677110,
	TITLE = {{A Distributed and Parallel Asynchronous Unite and Conquer Method to Solve Large Scale Non-Hermitian Linear Systems}},
	AUTHOR = {WU, Xinzhe and Petiton, Serge},
	URL = {https://hal.archives-ouvertes.fr/hal-01677110},
	BOOKTITLE = {{HPC Asia 2018 - International Conference on High Performance Computing in Asia-Pacific Region}},
	ADDRESS = {Tokyo, Japan},
	YEAR = {2018},
	MONTH = Jan,
	DOI = {10.1145/3149457.3154481},
	KEYWORDS = {linear algebra ; iterative methods ; asynchronous communication},
	PDF = {https://hal.archives-ouvertes.fr/hal-01677110/file/HPCAsia2018_pap114_camera_ready_version.pdf},
	HAL_ID = {hal-01677110},
	HAL_VERSION = {v1},
}

@inproceedings{Wu:2018:DPA:3149457.3154481,
	author = {Wu, Xinzhe and Petiton, Serge G.},
	title = {A Distributed and Parallel Asynchronous Unite and Conquer Method to Solve Large Scale Non-Hermitian Linear Systems},
	booktitle = {Proceedings of the International Conference on High Performance Computing in Asia-Pacific Region},
	series = {HPC Asia 2018},
	year = {2018},
	isbn = {978-1-4503-5372-4},
	location = {Chiyoda, Tokyo, Japan},
	pages = {36--46},
	numpages = {11},
	url = {http://doi.acm.org/10.1145/3149457.3154481},
	doi = {10.1145/3149457.3154481},
	acmid = {3154481},
	publisher = {ACM},
	address = {New York, NY, USA},
	keywords = {asynchronous communication, iterative methods, linear algebra},
} 

@article{meurant2015role,
	title={The role eigenvalues play in forming GMRES residual norms with non-normal matrices},
	author={Meurant, G{\'e}rard and Tebbens, Jurjen Duintjer},
	journal={Numerical Algorithms},
	volume={68},
	number={1},
	pages={143--165},
	year={2015},
	publisher={Springer}
}

@misc{saad1994sparsekit,
	title={SPARSEKIT: a basic tool kit for sparse matrix computation (version2), University of Illinois},
	author={Saad, Y},
	year={1994}
}


@article{kershaw1978incomplete,
	title={The incomplete Cholesky—conjugate gradient method for the iterative solution of systems of linear equations},
	author={Kershaw, David S},
	journal={Journal of Computational Physics},
	volume={26},
	number={1},
	pages={43--65},
	year={1978},
	publisher={Elsevier}
}

@article{saad1986gmres,
	title={GMRES: A generalized minimal residual algorithm for solving nonsymmetric linear systems},
	author={Saad, Youcef and Schultz, Martin H},
	journal={SIAM Journal on scientific and statistical computing},
	volume={7},
	number={3},
	pages={856--869},
	year={1986},
	publisher={SIAM}
}

@article{saad1987least,
	title={Least squares polynomials in the complex plane and their use for solving nonsymmetric linear systems},
	author={Saad, Youcef},
	journal={SIAM Journal on Numerical Analysis},
	volume={24},
	number={1},
	pages={155--169},
	year={1987},
	publisher={SIAM}
}

@article{cai1999restricted,
	title={A restricted additive Schwarz preconditioner for general sparse linear systems},
	author={Cai, Xiao-Chuan and Sarkis, Marcus},
	journal={Siam journal on scientific computing},
	volume={21},
	number={2},
	pages={792--797},
	year={1999},
	publisher={SIAM}
}

@article{saad1993flexible,
	title={A flexible inner-outer preconditioned GMRES algorithm},
	author={Saad, Youcef},
	journal={SIAM Journal on Scientific Computing},
	volume={14},
	number={2},
	pages={461--469},
	year={1993},
	publisher={SIAM}
}

@article{morgan2002gmres,
	title={GMRES with deflated restarting},
	author={Morgan, Ronald B},
	journal={SIAM Journal on Scientific Computing},
	volume={24},
	number={1},
	pages={20--37},
	year={2002},
	publisher={SIAM}
}

@article{arnoldi1951principle,
	title={The principle of minimized iterations in the solution of the matrix eigenvalue problem},
	author={Arnoldi, Walter Edwin},
	journal={Quarterly of applied mathematics},
	volume={9},
	number={1},
	pages={17--29},
	year={1951}
}

@article{erhel1996restarted,
	title={Restarted GMRES preconditioned by deflation},
	author={Erhel, Jocelyne and Burrage, Kevin and Pohl, Bert},
	journal={Journal of computational and applied mathematics},
	volume={69},
	number={2},
	pages={303--318},
	year={1996},
	publisher={Elsevier}
}

@article{lehoucq1996deflation,
	title={Deflation techniques for an implicitly restarted Arnoldi iteration},
	author={Lehoucq, Richard B and Sorensen, Danny C},
	journal={SIAM Journal on Matrix Analysis and Applications},
	volume={17},
	number={4},
	pages={789--821},
	year={1996},
	publisher={SIAM}
}
@article{saad2000deflated,
	title={A deflated version of the conjugate gradient algorithm},
	author={Saad, Yousef and Yeung, Manshung and Erhel, Jocelyne and Guyomarc'h, Fr{\'e}d{\'e}ric},
	journal={SIAM Journal on Scientific Computing},
	volume={21},
	number={5},
	pages={1909--1926},
	year={2000},
	publisher={SIAM}
}
@article{lee2003incomplete,
	title={Incomplete LU preconditioning for large scale dense complex linear systems from electromagnetic wave scattering problems},
	author={Lee, Jeonghwa and Zhang, Jun and Lu, Cai-Cheng},
	journal={Journal of Computational Physics},
	volume={185},
	number={1},
	pages={158--175},
	year={2003},
	publisher={Elsevier}
}
@article{emad2016unite,
	title={Unite and conquer approach for high scale numerical computing},
	author={Emad, Nahid and Petiton, Serge},
	journal={Journal of Computational Science},
	volume={14},
	pages={5--14},
	year={2016},
	publisher={Elsevier}
}

@article{emad2005multiple,
	title={Multiple explicitly restarted Arnoldi method for solving large eigenproblems},
	author={Emad, Nahid and Petiton, Serge and Edjlali, Guy},
	journal={SIAM Journal on Scientific Computing},
	volume={27},
	number={1},
	pages={253--277},
	year={2005},
	publisher={SIAM}
}

@inproceedings{fender2016leveraging,
	title={Leveraging accelerators in the multiple implicitly restarted Arnoldi method with nested subspaces},
	author={Fender, Alexandre and Emad, Nahid and Petiton, Serge and Eaton, Joe},
	booktitle={Emerging Technologies and Innovative Business Practices for the Transformation of Societies (EmergiTech), IEEE International Conference on},
	pages={389--394},
	year={2016},
	organization={IEEE}
}

@Misc{petsc-web-page,
	author = {Satish Balay and Shrirang Abhyankar and Mark~F. Adams and Jed Brown and Peter Brune
	and Kris Buschelman and Lisandro Dalcin and Victor Eijkhout and William~D. Gropp
	and Dinesh Kaushik and Matthew~G. Knepley
	and Lois Curfman McInnes and Karl Rupp and Barry~F. Smith
	and Stefano Zampini and Hong Zhang and Hong Zhang},
	title =  {{PETS}c {W}eb page},
	url =    {http://www.mcs.anl.gov/petsc},
	howpublished = {\url{http://www.mcs.anl.gov/petsc}},
	year = {2016}
}
@TechReport{petsc-user-ref,
	author = {Satish Balay and Shrirang Abhyankar and Mark~F. Adams and Jed Brown and Peter Brune
	and Kris Buschelman and Lisandro Dalcin and Victor Eijkhout and William~D. Gropp
	and Dinesh Kaushik and Matthew~G. Knepley
	and Lois Curfman McInnes and Karl Rupp and Barry~F. Smith
	and Stefano Zampini and Hong Zhang and Hong Zhang},
	title  = {{PETS}c Users Manual},
	institution = {Argonne National Laboratory},
	year   = 2016,
	number = {ANL-95/11 - Revision 3.7},
	url    = {http://www.mcs.anl.gov/petsc}
}

@InProceedings{petsc-efficient,
	Author = "Satish Balay and William D. Gropp and Lois Curfman McInnes and Barry F.  Smith",
	Title = "Efficient Management of Parallelism in Object Oriented Numerical Software Libraries",
	Booktitle = "Modern Software Tools in Scientific Computing",
	Editor = "E. Arge and A. M. Bruaset and H. P. Langtangen",
	Pages = "163--202",
	Publisher = "Birkh{\"{a}}user Press",
	Year = "1997"
}

@Article{Hernandez:2005:SSF,
	author  = "Vicente Hernandez and Jose E. Roman and Vicente Vidal",
	title   = "{SLEPc}: A scalable and flexible toolkit for the solution of eigenvalue problems",
	journal = "{ACM} Trans. Math. Software",
	volume  = "31",
	number  = "3",
	pages   = "351--362",
	year    = "2005"
}

@Article{Hernandez:2003:SSL,
	author  = "V. Hernandez and J. E. Roman and V. Vidal",
	title   = "{SLEPc}: {S}calable {L}ibrary for {E}igenvalue {P}roblem {C}omputations",
	journal = "Lect. Notes Comput. Sci.",
	volume  = "2565",
	pages   = "377--391",
	year    = "2003"
}

@TechReport{slepc-users-manual,
	author      = "J. E. Roman and C. Campos and E. Romero and A. Tomas",
	title       = "{SLEPc} Users Manual",
	number      = "DSIC-II/24/02 - Revision 3.7",
	institution = "D. Sistemes Inform\`atics i Computaci\'o, Universitat Polit\`ecnica de Val\`encia",
	year        = "2016"
}

@article{simoncini1996convergence,
	title={Convergence properties of block GMRES and matrix polynomials},
	author={Simoncini, Valeria and Gallopoulos, Efstratios},
	journal={Linear Algebra and its Applications},
	volume={247},
	pages={97--119},
	year={1996},
	publisher={Elsevier}
}

@phdthesis{langou2003solving,
	title={Solving large linear systems with multiple right-hand sides},
	author={Langou, Julien},
	year={2003},
	school={INSA de Toulouse}
}

@article{robbe2006exact,
	title={Exact and inexact breakdowns in the block GMRES method},
	author={Robb{\'e}, Micka{\"e}l and Sadkane, Miloud},
	journal={Linear algebra and its applications},
	volume={419},
	number={1},
	pages={265--285},
	year={2006},
	publisher={Elsevier}
}

@article{sleijpen2000jacobi,
	title={A Jacobi--Davidson iteration method for linear eigenvalue problems},
	author={Sleijpen, Gerard LG and Van der Vorst, Henk A},
	journal={Siam Review},
	volume={42},
	number={2},
	pages={267--293},
	year={2000},
	publisher={SIAM}
}

@article{allahviranloo2005successive,
	title={Successive over relaxation iterative method for fuzzy system of linear equations},
	author={Allahviranloo, Tofigh},
	journal={Applied Mathematics and Computation},
	volume={162},
	number={1},
	pages={189--196},
	year={2005},
	publisher={Elsevier}
}

@article{saad1986gmres,
	title={GMRES: A generalized minimal residual algorithm for solving nonsymmetric linear systems},
	author={Saad, Youcef and Schultz, Martin H},
	journal={SIAM Journal on scientific and statistical computing},
	volume={7},
	number={3},
	pages={856--869},
	year={1986},
	publisher={SIAM}
}

@inproceedings{jolivet2016block,
	title={Block iterative methods and recycling for improved scalability of linear solvers},
	author={Jolivet, Pierre and Tournier, Pierre-Henri},
	booktitle={SC16-International Conference for High Performance Computing, Networking, Storage and Analysis},
	year={2016}
}

@inproceedings{sundar2012parallel,
	title={Parallel geometric-algebraic multigrid on unstructured forests of octrees},
	author={Sundar, Hari and Biros, George and Burstedde, Carsten and Rudi, Johann and Ghattas, Omar and Stadler, Georg},
	booktitle={Proceedings of the International Conference on High Performance Computing, Networking, Storage and Analysis},
	pages={43},
	year={2012},
	organization={IEEE Computer Society Press}
}

@inproceedings{rudi2015extreme,
	title={An extreme-scale implicit solver for complex pdes: Highly heterogeneous flow in earth's mantle},
	author={Rudi, Johann and Malossi, A Cristiano I and Isaac, Tobin and Stadler, Georg and Gurnis, Michael and Staar, Peter WJ and Ineichen, Yves and Bekas, Costas and Curioni, Alessandro and Ghattas, Omar},
	booktitle={Proceedings of the international conference for high performance computing, networking, storage and analysis},
	pages={5},
	year={2015},
	organization={ACM}
}

@article{jolivet2014scalable,
	title={Scalable domain decomposition preconditioners for heterogeneous elliptic problems},
	author={Jolivet, Pierre and Hecht, Fr{\'e}d{\'e}ric and Nataf, Fr{\'e}d{\'e}ric and Prud'Homme, Christophe},
	journal={Scientific Programming},
	volume={22},
	number={2},
	pages={157--171},
	year={2014},
	publisher={Hindawi Publishing Corporation}
}

@article{klawonn2010highly,
	title={Highly scalable parallel domain decomposition methods with an application to biomechanics},
	author={Klawonn, Axel and Rheinbach, Oliver},
	journal={ZAMM-Journal of Applied Mathematics and Mechanics/Zeitschrift f{\"u}r Angewandte Mathematik und Mechanik},
	volume={90},
	number={1},
	pages={5--32},
	year={2010},
	publisher={Wiley Online Library}
}

%% This BibTeX bibliography file was created using BibDesk.
%% http://bibdesk.sourceforge.net/

%% Created for Xinzhe Wu at 2016-07-05 01:52:40 +0200 


%% Saved with string encoding Unicode (UTF-8) 



@article{dongarra2016report,
	title={Report on the Sunway TaihuLight system},
	author={Dongarra, Jack},
	journal={PDF). www. netlib. org. Retrieved June},
	volume={20},
	year={2016}
}

@inproceedings{tsuji2013multi,
	title={Multi level parallelism of Multiple implicitly/explicitly restarted Arnoldi methods for post-petascale computing},
	author={Tsuji, Miwako and Dandouna, Makarem and Emad, Nahid},
	booktitle={P2P, Parallel, Grid, Cloud and Internet Computing (3PGCIC), 2013 Eighth International Conference on},
	pages={158--165},
	year={2013},
	organization={IEEE}
}

@book{crisfield1986finite,
	title={Finite elements and solution procedures for structural analysis V. 1: linear analysis},
	author={Crisfield, Michael A},
	volume={1},
	year={1986},
	publisher={Pineridge Press Limited}
}

@article{verwer1994gauss,
	title={Gauss-Seidel iteration for stiff ODEs from chemical kinetics},
	author={Verwer, JG},
	journal={SIAM Journal on Scientific Computing},
	volume={15},
	number={5},
	pages={1243--1250},
	year={1994},
	publisher={SIAM}
}

@inproceedings{adams1982multi,
	title={A multi-color SOR method for parallel computation.},
	author={Adams, Loyce and Ortega, J},
	booktitle={ICPP},
	pages={53--56},
	year={1982},
	organization={Citeseer}
}

@article{d1964ssor,
	title={The SSOR iteration scheme for equations with $\sigma$1 ordering},
	author={D'Sylva, E and Miles, GA},
	journal={The Computer Journal},
	volume={6},
	number={4},
	pages={366--367},
	year={1964},
	publisher={Br Computer Soc}
}

@article{moller1993scaled,
	title={A scaled conjugate gradient algorithm for fast supervised learning},
	author={M{\o}ller, Martin Fodslette},
	journal={Neural networks},
	volume={6},
	number={4},
	pages={525--533},
	year={1993},
	publisher={Elsevier}
}

@article{yu1997calculation,
	title={The calculation of vibrational eigenstates by MINRES filter diagonalization},
	author={Yu, Hua-Gen and Smith, Sean C},
	journal={Berichte der Bunsengesellschaft f{\"u}r physikalische Chemie},
	volume={101},
	number={3},
	pages={400--406},
	year={1997},
	publisher={Wiley Online Library}
}

@article{dul1998minres,
	title={MINRES and MINERR are better than SYMMLQ in eigenpair computations},
	author={Dul, Franciszek A},
	journal={SIAM Journal on Scientific Computing},
	volume={19},
	number={6},
	pages={1767--1782},
	year={1998},
	publisher={SIAM}
}

@article{bai2008inexact,
	title={On inexact Hermitian and skew-Hermitian splitting methods for non-Hermitian positive definite linear systems},
	author={Bai, Zhong-Zhi and Golub, Gene H and Ng, Michael K},
	journal={Linear Algebra and Its Applications},
	volume={428},
	number={2},
	pages={413--440},
	year={2008},
	publisher={Elsevier}
}

@article{manneback1997solving,
	title={Solving irregular sparse linear systems on a multicomputer using the CGNR method},
	author={Manneback, Pierre},
	journal={International Journal of High Performance Computing Applications},
	volume={11},
	number={3},
	pages={205--211},
	year={1997},
	publisher={SAGE Publications}
}

@article{saad1986gmres,
	title={GMRES: A generalized minimal residual algorithm for solving nonsymmetric linear systems},
	author={Saad, Youcef and Schultz, Martin H},
	journal={SIAM Journal on scientific and statistical computing},
	volume={7},
	number={3},
	pages={856--869},
	year={1986},
	publisher={SIAM}
}

@article{sleijpen1995overview,
	title={An overview of approaches for the stable computation of hybrid BiCG methods},
	author={Sleijpen, Gerard LG and Van der Vorst, Henk A},
	journal={Applied numerical mathematics},
	volume={19},
	number={3},
	pages={235--254},
	year={1995},
	publisher={Elsevier}
}

@article{freund1991qmr,
	title={QMR: a quasi-minimal residual method for non-Hermitian linear systems},
	author={Freund, Roland W and Nachtigal, No{\"e}l M},
	journal={Numerische mathematik},
	volume={60},
	number={1},
	pages={315--339},
	year={1991},
	publisher={Springer}
}

@article{morgan1995restarted,
	title={A restarted GMRES method augmented with eigenvectors},
	author={Morgan, Ronald B},
	journal={SIAM Journal on Matrix Analysis and Applications},
	volume={16},
	number={4},
	pages={1154--1171},
	year={1995},
	publisher={SIAM}
}

@article{morgan2002gmres,
	title={GMRES with deflated restarting},
	author={Morgan, Ronald B},
	journal={SIAM Journal on Scientific Computing},
	volume={24},
	number={1},
	pages={20--37},
	year={2002},
	publisher={SIAM}
}

@article{saad1993flexible,
	title={A flexible inner-outer preconditioned GMRES algorithm},
	author={Saad, Youcef},
	journal={SIAM Journal on Scientific Computing},
	volume={14},
	number={2},
	pages={461--469},
	year={1993},
	publisher={SIAM}
}

@phdthesis{smolarski1982optimum,
	title={Optimum semi-iterative methods for the solution of any linear algebraic system with a square matrix},
	author={Smolarski, Dennis Chester},
	year={1982},
	school={University of Illinois at Urbana-Champaign}
}

@article{chow1997experimental,
	title={Experimental study of ILU preconditioners for indefinite matrices},
	author={Chow, Edmond and Saad, Yousef},
	journal={Journal of Computational and Applied Mathematics},
	volume={86},
	number={2},
	pages={387--414},
	year={1997},
	publisher={Elsevier}
}

@article{saad1985practical,
	title={Practical use of polynomial preconditionings for the conjugate gradient method},
	author={Saad, Youcef},
	journal={SIAM Journal on Scientific and Statistical Computing},
	volume={6},
	number={4},
	pages={865--881},
	year={1985},
	publisher={SIAM}
}

@book{saad2003iterative,
	title={Iterative methods for sparse linear systems},
	author={Saad, Yousef},
	year={2003},
	publisher={Siam}
}

@book{saad2011numerical,
	title={Numerical Methods for Large Eigenvalue Problems: Revised Edition},
	author={Saad, Yousef},
	year={2011},
	publisher={SIAM}
}

@book{saad1992numerical,
	title={Numerical methods for large eigenvalue problems},
	author={Saad, Youcef},
	volume={158},
	year={1992},
	publisher={SIAM}
}

@article{arnoldi1951principle,
	title={The principle of minimized iterations in the solution of the matrix eigenvalue problem},
	author={Arnoldi, Walter Edwin},
	journal={Quarterly of applied mathematics},
	volume={9},
	number={1},
	pages={17--29},
	year={1951},
	publisher={JSTOR}
}

@article{he2006hybrid,
	title={A hybrid GMRES/LS-arnoldi method to accelerate the parallel solution of linear systems},
	author={He, Haiwu and Berg{\`e}re, Guy and Petiton, Serge},
	journal={Computers \& Mathematics with Applications},
	volume={51},
	number={11},
	pages={1647--1662},
	year={2006},
	publisher={Elsevier}
}

@article{liao2014milkyway,
	title={MilkyWay-2 supercomputer: system and application},
	author={Liao, Xiangke and Xiao, Liquan and Yang, Canqun and Lu, Yutong},
	journal={Frontiers of Computer Science},
	volume={8},
	number={3},
	pages={345--356},
	year={2014},
	publisher={Springer}
}

@inproceedings{barker2015message,
	title={Message passing interface (mpi)},
	author={Barker, Brandon},
	booktitle={Workshop: High Performance Computing on Stampede},
	year={2015}
}

@article{nvidia2011nvidia,
	title={Nvidia cuda c programming guide},
	author={Nvidia, CUDA},
	journal={Nvidia Corporation},
	volume={120},
	number={18},
	pages={8},
	year={2011}
}

@article{nickolls2008scalable,
	title={Scalable parallel programming with CUDA},
	author={Nickolls, John and Buck, Ian and Garland, Michael and Skadron, Kevin},
	journal={Queue},
	volume={6},
	number={2},
	pages={40--53},
	year={2008},
	publisher={ACM}
}

@inproceedings{delannoy2006workflow,
	title={Workflow global computing with yml},
	author={Delannoy, Olivier and Emad, FranceNahid and Petiton, Serge},
	booktitle={Proceedings of the 7th IEEE/ACM International Conference on Grid Computing},
	pages={25--32},
	year={2006},
	organization={IEEE Computer Society}
}

@inproceedings{lee2010implementation,
	title={Implementation and performance evaluation of xcalablemp: A parallel programming language for distributed memory systems},
	author={Lee, Jinpil and Sato, Mitsuhisa},
	booktitle={Parallel Processing Workshops (ICPPW), 2010 39th International Conference on},
	pages={413--420},
	year={2010},
	organization={IEEE}
}

@book{saad2011numerical,
	title={Numerical Methods for Large Eigenvalue Problems: Revised Edition},
	author={Saad, Yousef},
	year={2011},
	publisher={SIAM}
}

@book{saad2003iterative,
	title={Iterative methods for sparse linear systems},
	author={Saad, Yousef},
	year={2003},
	publisher={SIAM}
}

@article{emad2016unite,
	title={Unite and conquer approach for high scale numerical computing},
	author={Emad, Nahid and Petiton, Serge},
	journal={Journal of Computational Science},
	volume={14},
	pages={5--14},
	year={2016},
	publisher={Elsevier}
}

@article{saad1984chebyshev,
	title={Chebyshev acceleration techniques for solving nonsymmetric eigenvalue problems},
	author={Saad, Youcef},
	journal={Mathematics of Computation},
	volume={42},
	number={166},
	pages={567--588},
	year={1984}
}

@article{brezinski1994hybrid,
	title={Hybrid procedures for solving linear systems},
	author={Brezinski, Claude and Redivo-Zaglia, M},
	journal={Numerische Mathematik},
	volume={67},
	number={1},
	pages={1--19},
	year={1994},
	publisher={Springer}
}

@inproceedings{edjlali1996interleaved,
	title={Interleaved parallel hybrid arnoldi method for a parallel machine and a network of workstations},
	author={Edjlali, Guy and Petiton, S and Emad, Nahid},
	booktitle={Conference on Information, Systems, Analysis and Synthesis (ISAS'96)},
	pages={22--26},
	year={1996}
}

@article{erhel1996restarted,
	title={Restarted GMRES preconditioned by deflation},
	author={Erhel, Jocelyne and Burrage, Kevin and Pohl, Bert},
	journal={Journal of computational and applied mathematics},
	volume={69},
	number={2},
	pages={303--318},
	year={1996},
	publisher={Elsevier}
}

@Misc{petsc-web-page,
	author = {Satish Balay and Shrirang Abhyankar and Mark~F. Adams and Jed Brown and Peter Brune
	and Kris Buschelman and Lisandro Dalcin and Victor Eijkhout and William~D. Gropp
	and Dinesh Kaushik and Matthew~G. Knepley
	and Lois Curfman McInnes and Karl Rupp and Barry~F. Smith
	and Stefano Zampini and Hong Zhang and Hong Zhang},
	title =  {{PETS}c {W}eb page},
	url =    {http://www.mcs.anl.gov/petsc},
	howpublished = {\url{http://www.mcs.anl.gov/petsc}},
	year = {2016}
}

@TechReport{petsc-user-ref,
	author = {Satish Balay and Shrirang Abhyankar and Mark~F. Adams and Jed Brown and Peter Brune
	and Kris Buschelman and Lisandro Dalcin and Victor Eijkhout and William~D. Gropp
	and Dinesh Kaushik and Matthew~G. Knepley
	and Lois Curfman McInnes and Karl Rupp and Barry~F. Smith
	and Stefano Zampini and Hong Zhang and Hong Zhang},
	title  = {{PETS}c Users Manual},
	institution = {Argonne National Laboratory},
	year   = 2016,
	number = {ANL-95/11 - Revision 3.7},
	url    = {http://www.mcs.anl.gov/petsc}
}

@InProceedings{petsc-efficient,
	Author = "Satish Balay and William D. Gropp and Lois Curfman McInnes and Barry F.  Smith",
	Title = "Efficient Management of Parallelism in Object Oriented Numerical Software Libraries",
	Booktitle = "Modern Software Tools in Scientific Computing",
	Editor = "E. Arge and A. M. Bruaset and H. P. Langtangen",
	Pages = "163--202",
	Publisher = "Birkh{\"{a}}user Press",
	Year = "1997"
}

@Article{Hernandez:2005:SSF,
	author  = "Vicente Hernandez and Jose E. Roman and Vicente Vidal",
	title   = "{SLEPc}: A scalable and flexible toolkit for the solution of eigenvalue problems",
	journal = "{ACM} Trans. Math. Software",
	volume  = "31",
	number  = "3",
	pages   = "351--362",
	year    = "2005"
}

@TechReport{slepc-users-manual,
	author      = "J. E. Roman and C. Campos and E. Romero and A. Tomas",
	title       = "{SLEPc} Users Manual",
	number      = "DSIC-II/24/02 - Revision 3.7",
	institution = "D. Sistemes Inform\`atics i Computaci\'o, Universitat Polit\`ecnica de Val\`encia",
	year        = "2016"
}

@article{saad1987least,
	title={Least squares polynomials in the complex plane and their use for solving nonsymmetric linear systems},
	author={Saad, Youcef},
	journal={SIAM Journal on Numerical Analysis},
	volume={24},
	number={1},
	pages={155--169},
	year={1987},
	publisher={SIAM}
}
@article{fischer1998minimum,
	title={Minimum residual methods for augmented systems},
	author={Fischer, Bernd and Ramage, Alison and Silvester, David J and Wathen, Andrew J},
	journal={BIT Numerical Mathematics},
	volume={38},
	number={3},
	pages={527--543},
	year={1998},
	publisher={Springer}
}

@article{he2006hybrid,
	title={A hybrid GMRES/LS-arnoldi method to accelerate the parallel solution of linear systems},
	author={He, Haiwu and Bergere, G and Petiton, S},
	journal={Computers \& Mathematics with Applications},
	volume={51},
	number={11},
	pages={1647--1662},
	year={2006},
	publisher={Pergamon Press, Inc.}
}

@inproceedings{tsuji2013multi,
	title={Multi level parallelism of Multiple implicitly/explicitly restarted Arnoldi methods for post-petascale computing},
	author={Tsuji, Miwako and Dandouna, Makarem and Emad, Nahid},
	booktitle={P2P, Parallel, Grid, Cloud and Internet Computing (3PGCIC), 2013 Eighth International Conference on},
	pages={158--165},
	year={2013},
	organization={IEEE}
}

@article{saad1993flexible,
	title={A flexible inner-outer preconditioned GMRES algorithm},
	author={Saad, Youcef},
	journal={SIAM Journal on Scientific Computing},
	volume={14},
	number={2},
	pages={461--469},
	year={1993},
	publisher={SIAM}
}
@article{xu1992preconditioned,
	title={A preconditioned GMRES method for nonsymmetric or indefinite problems},
	author={Xu, Jinchao and Cai, Xiao-Chuan},
	journal={Mathematics of computation},
	volume={59},
	number={200},
	pages={311--319},
	year={1992}
}
@article{shakib1989multi,
	title={A multi-element group preconditioned GMRES algorithm for nonsymmetric systems arising in finite element analysis},
	author={Shakib, Farzin and Hughes, Thomas JR and Johan, Zden{\v{e}}k},
	journal={Computer Methods in Applied Mechanics and Engineering},
	volume={75},
	number={1-3},
	pages={415--456},
	year={1989},
	publisher={Elsevier}
}

@article{saad1987lanczos,
	title={On the Lanczos method for solving symmetric linear systems with several right-hand sides},
	author={Saad, Youcef},
	journal={Mathematics of computation},
	volume={48},
	number={178},
	pages={651--662},
	year={1987}
}
@article{papadrakakis1990new,
	title={A new implementation of the Lanczos method in linear problems},
	author={Papadrakakis, Manolis and Smerou, S},
	journal={International Journal for Numerical Methods in Engineering},
	volume={29},
	number={1},
	pages={141--159},
	year={1990},
	publisher={Wiley Online Library}
}

@article{smith1989conjugate,
	title={A conjugate gradient algorithm for the treatment of multiple incident electromagnetic fields},
	author={Smith, Charles F and Peterson, Andrew F and Mittra, Raj},
	journal={IEEE Transactions on Antennas and Propagation},
	volume={37},
	number={11},
	pages={1490--1493},
	year={1989},
	publisher={IEEE}
}
@article{chan1997analysis,
	title={Analysis of projection methods for solving linear systems with multiple right-hand sides},
	author={Chan, Tony F and Wan, Wing Lok},
	journal={SIAM Journal on Scientific Computing},
	volume={18},
	number={6},
	pages={1698--1721},
	year={1997},
	publisher={SIAM}
}

@article{gu2002seed,
	title={A seed method for solving nonsymmetric linear systems with multiple right-hand sides},
	author={Gu, Gui-Ding},
	journal={International journal of computer mathematics},
	volume={79},
	number={3},
	pages={307--326},
	year={2002},
	publisher={Taylor \& Francis}
}
@article{simoncini1995iterative,
	title={An iterative method for nonsymmetric systems with multiple right-hand sides},
	author={Simoncini, Valeria and Gallopoulos, Efstratios},
	journal={SIAM Journal on Scientific Computing},
	volume={16},
	number={4},
	pages={917--933},
	year={1995},
	publisher={SIAM}
}
@article{abdel2014improved,
	title={Improved seed methods for symmetric positive definite linear equations with multiple right-hand sides},
	author={Abdel-Rehim, Abdou M and Morgan, Ronald B and Wilcox, Walter},
	journal={Numerical Linear Algebra with Applications},
	volume={21},
	number={3},
	pages={453--471},
	year={2014},
	publisher={Wiley Online Library}
}

@article{simoncini1995iterative,
	title={An iterative method for nonsymmetric systems with multiple right-hand sides},
	author={Simoncini, Valeria and Gallopoulos, Efstratios},
	journal={SIAM Journal on Scientific Computing},
	volume={16},
	number={4},
	pages={917--933},
	year={1995},
	publisher={SIAM}
}

@article{calvetti1994application,
	title={Application of a block modified Chebyshev algorithm to the iterative solution of symmetric linear systems with multiple right hand side vectors},
	author={Calvetti, D and Reichel, L},
	journal={Numerische Mathematik},
	volume={68},
	number={1},
	pages={3--16},
	year={1994},
	publisher={Springer}
}

@article{freund1997block,
	title={A block QMR algorithm for non-Hermitian linear systems with multiple right-hand sides},
	author={Freund, Roland W and Malhotra, Manish},
	journal={Linear Algebra and its Applications},
	volume={254},
	number={1-3},
	pages={119--157},
	year={1997},
	publisher={Elsevier}
}

@article{jbilou1999smoothing,
	title={Smoothing iterative block methods for linear systems with multiple right-hand sides},
	author={Jbilou, K},
	journal={Journal of computational and applied mathematics},
	volume={107},
	number={1},
	pages={97--109},
	year={1999},
	publisher={Elsevier}
}

@article{jbilou1999global,
	title={Global FOM and GMRES algorithms for matrix equations},
	author={Jbilou, Khalide and Messaoudi, Abderrahim and Sadok, Hassane},
	journal={Applied Numerical Mathematics},
	volume={31},
	number={1},
	pages={49--63},
	year={1999},
	publisher={Elsevier}
}

@article{el2003block,
	title={A block version of BiCGSTAB for linear systems with multiple right-hand sides},
	author={El Guennouni, A and Jbilou, K and Sadok, H},
	journal={Electronic Transactions on Numerical Analysis},
	volume={16},
	number={129-142},
	pages={2},
	year={2003},
	publisher={Institute of Computational Mathematics}
}

@article{baker2006improving,
	title={On improving linear solver performance: A block variant of GMRES},
	author={Baker, Allison H and Dennis, John M and Jessup, Elizabeth R},
	journal={SIAM Journal on Scientific Computing},
	volume={27},
	number={5},
	pages={1608--1626},
	year={2006},
	publisher={SIAM}
}

@article{gutknecht2006block,
	title={Block Krylov space methods for linear systems with multiple right-hand sides: an introduction},
	author={Gutknecht, Martin H},
	year={2006},
	publisher={Citeseer}
}

@article{simoncini1996hybrid,
	title={A hybrid block GMRES method for nonsymmetric systems with multiple right-hand sides},
	author={Simoncini, V and Gallopoulos, E},
	journal={Journal of computational and applied mathematics},
	volume={66},
	number={1-2},
	pages={457--469},
	year={1996},
	publisher={Elsevier}
}

@article{kilmer2001qmr,
	title={QMR-based projection techniques for the solution of non-Hermitian systems with multiple right-hand sides},
	author={Kilmer, Misha and Miller, Eric and Rappaport, Carey},
	journal={SIAM Journal on Scientific Computing},
	volume={23},
	number={3},
	pages={761--780},
	year={2001},
	publisher={SIAM}
}

@article{golub2007hybrid,
	title={A hybrid approach combining Chebyshev filter and conjugate gradient for solving linear systems with multiple right-hand sides},
	author={Golub, Gene H and Ruiz, Daniel and Touhami, Ahmed},
	journal={SIAM Journal on Matrix Analysis and Applications},
	volume={29},
	number={3},
	pages={774--795},
	year={2007},
	publisher={SIAM}
}

@article{stathopoulos2010computing,
	title={Computing and deflating eigenvalues while solving multiple right-hand side linear systems with an application to quantum chromodynamics},
	author={Stathopoulos, Andreas and Orginos, Konstantinos},
	journal={SIAM Journal on Scientific Computing},
	volume={32},
	number={1},
	pages={439--462},
	year={2010},
	publisher={SIAM}
}

@article{gullerud2001mpi,
	title={MPI-based implementation of a PCG solver using an EBE architecture and preconditioner for implicit, 3-D finite element analysis},
	author={Gullerud, Arne S and Dodds Jr, Robert H},
	journal={Computers \& Structures},
	volume={79},
	number={5},
	pages={553--575},
	year={2001},
	publisher={Elsevier}
}

@article{kilmer2006recycling,
	title={Recycling subspace information for diffuse optical tomography},
	author={Kilmer, Misha E and De Sturler, Eric},
	journal={SIAM Journal on Scientific Computing},
	volume={27},
	number={6},
	pages={2140--2166},
	year={2006},
	publisher={SIAM}
}

@inproceedings{ye2008generalized,
	title={Generalized Krylov recycling methods for solution of multiple related linear equation systems in electromagnetic analysis},
	author={Ye, Zuochang and Zhu, Zhenhai and Phillips, Joel R},
	booktitle={Proceedings of the 45th annual Design Automation Conference},
	pages={682--687},
	year={2008},
	organization={ACM}
}

@inproceedings{Fujita:2018:WPS:3149457.3149474,
	author = {Fujita, Kohei and Katsushima, Keisuke and Ichimura, Tsuyoshi and Horikoshi, Masashi and Nakajima, Kengo and Hori, Muneo and Maddegedara, Lalith},
	title = {Wave Propagation Simulation of Complex Multi-Material Problems with Fast Low-Order Unstructured Finite-Element Meshing and Analysis},
	booktitle = {Proceedings of the International Conference on High Performance Computing in Asia-Pacific Region},
	series = {HPC Asia 2018},
	year = {2018},
	isbn = {978-1-4503-5372-4},
	location = {Chiyoda, Tokyo, Japan},
	pages = {24--35},
	numpages = {12},
	url = {http://doi.acm.org/10.1145/3149457.3149474},
	doi = {10.1145/3149457.3149474},
	acmid = {3149474},
	publisher = {ACM},
	address = {New York, NY, USA},
	keywords = {adaptive multistep method, finite-element method, tetrahedral mesh generation, wave-propagation},
} 

@article{brown1990hybrid,
	title={Hybrid Krylov methods for nonlinear systems of equations},
	author={Brown, Peter N and Saad, Youcef},
	journal={SIAM Journal on Scientific and Statistical Computing},
	volume={11},
	number={3},
	pages={450--481},
	year={1990},
	publisher={SIAM}
}

@article{knoll2004jacobian,
	title={Jacobian-free Newton--Krylov methods: a survey of approaches and applications},
	author={Knoll, Dana A and Keyes, David E},
	journal={Journal of Computational Physics},
	volume={193},
	number={2},
	pages={357--397},
	year={2004},
	publisher={Elsevier}
}

@article{bellavia2001globally,
	title={A globally convergent Newton-GMRES subspace method for systems of nonlinear equations},
	author={Bellavia, Stefania and Morini, Benedetta},
	journal={SIAM Journal on Scientific Computing},
	volume={23},
	number={3},
	pages={940--960},
	year={2001},
	publisher={SIAM}
}

@article{flueck1998solving,
	title={Solving the nonlinear power flow equations with an inexact Newton method using GMRES},
	author={Flueck, Alexander J and Chiang, Hsiao-Dong},
	journal={IEEE Transactions on Power Systems},
	volume={13},
	number={2},
	pages={267--273},
	year={1998},
	publisher={IEEE}
}

@article{an2007globally,
	title={A globally convergent Newton-GMRES method for large sparse systems of nonlinear equations},
	author={An, Heng-Bin and Bai, Zhong-Zhi},
	journal={Applied Numerical Mathematics},
	volume={57},
	number={3},
	pages={235--252},
	year={2007},
	publisher={Elsevier}
}

@techreport{dongarra2014applied,
	title={Applied mathematics research for exascale computing},
	author={Dongarra, Jack and Hittinger, Jeffrey and Bell, John and Chacon, Luis and Falgout, Robert and Heroux, Michael and Hovland, Paul and Ng, Esmond and Webster, Clayton and Wild, Stefan},
	year={2014},
	institution={Lawrence Livermore National Laboratory (LLNL), Livermore, CA}
}

@inproceedings{Wu:2018:DPA:3149457.3154481,
	author = {Wu, Xinzhe and Petiton, Serge G.},
	title = {A Distributed and Parallel Asynchronous Unite and Conquer Method to Solve Large Scale Non-Hermitian Linear Systems},
	booktitle = {Proceedings of the International Conference on High Performance Computing in Asia-Pacific Region},
	series = {HPC Asia 2018},
	year = {2018},
	isbn = {978-1-4503-5372-4},
	location = {Chiyoda, Tokyo, Japan},
	pages = {36--46},
	numpages = {11},
	url = {http://doi.acm.org/10.1145/3149457.3154481},
	doi = {10.1145/3149457.3154481},
	acmid = {3154481},
	publisher = {ACM},
	address = {New York, NY, USA},
	keywords = {asynchronous communication, iterative methods, linear algebra},
} 

@article{manteuffel1977tchebychev,
	title={The Tchebychev iteration for nonsymmetric linear systems},
	author={Manteuffel, Thomas A},
	journal={Numerische Mathematik},
	volume={28},
	number={3},
	pages={307--327},
	year={1977},
	publisher={Springer}
}

@article{parks2006recycling,
	title={Recycling Krylov subspaces for sequences of linear systems},
	author={Parks, Michael L and De Sturler, Eric and Mackey, Greg and Johnson, Duane D and Maiti, Spandan},
	journal={SIAM Journal on Scientific Computing},
	volume={28},
	number={5},
	pages={1651--1674},
	year={2006},
	publisher={SIAM}
}
@inproceedings{jolivet2016block,
	title={Block iterative methods and recycling for improved scalability of linear solvers},
	author={Jolivet, Pierre and Tournier, Pierre-Henri},
	booktitle={Proceedings of the International Conference for High Performance Computing, Networking, Storage and Analysis},
	pages={17},
	year={2016},
	organization={IEEE Press}
}

@article{kilmer2006recycling,
	title={Recycling subspace information for diffuse optical tomography},
	author={Kilmer, Misha E and De Sturler, Eric},
	journal={SIAM Journal on Scientific Computing},
	volume={27},
	number={6},
	pages={2140--2166},
	year={2006},
	publisher={SIAM}
}

@inproceedings{ye2008generalized,
	title={Generalized Krylov recycling methods for solution of multiple related linear equation systems in electromagnetic analysis},
	author={Ye, Zuochang and Zhu, Zhenhai and Phillips, Joel R},
	booktitle={Proceedings of the 45th annual Design Automation Conference},
	pages={682--687},
	year={2008},
	organization={ACM}
}

@inproceedings{wugente,
	title={A Parallel Generator of Non-Hermitian Matrices computed from Given Spectra},
	author={Wu, Xinzhe and Petiton, Serge G.},
	booktitle={submitted to ICCS 2018},
	year={2018},
	
}

@article{abdel2010deflated,
	title={Deflated and restarted symmetric Lanczos methods for eigenvalues and linear equations with multiple right-hand sides},
	author={Abdel-Rehim, Abdou M and Morgan, Ronald B and Nicely, Dywayne A and Wilcox, Walter},
	journal={SIAM Journal on Scientific Computing},
	volume={32},
	number={1},
	pages={129--149},
	year={2010},
	publisher={SIAM}
}

@article{ashby2010opportunities,
	title={The opportunities and challenges of exascale computing},
	author={Ashby, Steve and Beckman, Pete and Chen, Jackie and Colella, Phil and Collins, Bill and Crawford, Dona and Dongarra, Jack and Kothe, Doug and Lusk, Rusty and Messina, Paul and others},
	journal={Summary Report of the Advanced Scientific Computing Advisory Committee (ASCAC) Subcommittee},
	pages={1--77},
	year={2010}
}

@inproceedings{ashby2012impact,
	title={The impact of global communication latency at extreme scales on Krylov methods},
	author={Ashby, Thomas J and Ghysels, Pieter and Heirman, Wim and Vanroose, Wim},
	booktitle={International Conference on Algorithms and Architectures for Parallel Processing},
	pages={428--442},
	year={2012},
	organization={Springer}
}

@book{axelsson1996iterative,
	title={Iterative solution methods},
	author={Axelsson, Owe},
	year={1996},
	publisher={Cambridge university press}
}

@article{baglama1998adaptively,
	title={Adaptively preconditioned GMRES algorithms},
	author={Baglama, James and Calvetti, Daniela and Golub, Gene H and Reichel, Lothar},
	journal={SIAM Journal on Scientific Computing},
	volume={20},
	number={1},
	pages={243--269},
	year={1998},
	publisher={SIAM}
}

@article{ballard2014communication,
	title={Communication lower bounds and optimal algorithms for numerical linear algebra},
	author={Ballard, Grey and Carson, E and Demmel, J and Hoemmen, M and Knight, Nicholas and Schwartz, Oded},
	journal={Acta Numerica},
	volume={23},
	pages={1--155},
	year={2014},
	publisher={Cambridge University Press}
}

@article{byun2012autotuning,
	title={Autotuning sparse matrix-vector multiplication for multicore},
	author={Byun, Jong-Ho and Lin, Richard and Yelick, Katherine A and Demmel, James},
	journal={EECS, UC Berkeley, Tech. Rep},
	year={2012}
}

@article{carson2014residual,
	title={A residual replacement strategy for improving the maximum attainable accuracy of s-step Krylov subspace methods},
	author={Carson, Erin and Demmel, James},
	journal={SIAM Journal on Matrix Analysis and Applications},
	volume={35},
	number={1},
	pages={22--43},
	year={2014},
	publisher={SIAM}
}

@phdthesis{ccatalyurek1999hypergraph,
	title={Hypergraph models for sparse matrix partitioning and reordering},
	author={{\c{C}}ataly{\"u}rek, {\"U}mit Veysel},
	year={1999},
	school={Bilkent University}
}

@article{de1999truncation,
	title={Truncation strategies for optimal Krylov subspace methods},
	author={De Sturler, Eric},
	journal={SIAM Journal on Numerical Analysis},
	volume={36},
	number={3},
	pages={864--889},
	year={1999},
	publisher={SIAM}
}

@article{ghysels2013hiding,
	title={Hiding global communication latency in the GMRES algorithm on massively parallel machines},
	author={Ghysels, Pieter and Ashby, Thomas J and Meerbergen, Karl and Vanroose, Wim},
	journal={SIAM Journal on Scientific Computing},
	volume={35},
	number={1},
	pages={C48--C71},
	year={2013},
	publisher={SIAM}
}

@article{ghysels2014hiding,
	title={Hiding global synchronization latency in the preconditioned conjugate gradient algorithm},
	author={Ghysels, Pieter and Vanroose, Wim},
	journal={Parallel Computing},
	volume={40},
	number={7},
	pages={224--238},
	year={2014},
	publisher={Elsevier}
}

@book{golub2012matrix,
	title={Matrix computations},
	author={Golub, Gene H and Van Loan, Charles F},
	volume={3},
	year={2012},
	publisher={JHU Press}
}

@article{gutknecht2012spectral,
	title={Spectral deflation in Krylov solvers: A theory of coordinate space based methods},
	author={Gutknecht, Martin H},
	journal={Electron. Trans. Numer. Anal},
	volume={39},
	pages={156--185},
	year={2012}
}

@article{hernandez2007parallel,
	title={Parallel Arnoldi eigensolvers with enhanced scalability via global communications rearrangement},
	author={Hern{\'a}ndez, Vicente and Rom{\'a}n, Jos{\'e} E and Tom{\'a}s, Andr{\'e}s},
	journal={Parallel Computing},
	volume={33},
	number={7-8},
	pages={521--540},
	year={2007},
	publisher={Elsevier}
}

@techreport{hindmarsh1986note,
	title={Note on a Householder implementation of the GMRES method},
	author={Hindmarsh, AC and Walker, HF},
	year={1986},
	institution={Lawrence Livermore National Lab., CA (USA); Utah State Univ., Logan (USA). Dept. of Mathematics}
}

@book{hoemmen2010communication,
	title={Communication-avoiding Krylov subspace methods},
	author={Hoemmen, Mark},
	year={2010},
	publisher={University of California, Berkeley}
}

@article{morgan2000implicitly,
	title={Implicitly restarted GMRES and Arnoldi methods for nonsymmetric systems of equations},
	author={Morgan, Ronald B},
	journal={SIAM Journal on Matrix Analysis and Applications},
	volume={21},
	number={4},
	pages={1112--1135},
	year={2000},
	publisher={SIAM}
}

@phdthesis{paige1971computation,
	title={The computation of eigenvalues and eigenvectors of very large sparse matrices.},
	author={Paige, Christopher Conway},
	year={1971},
	school={University of London}
}

@article{simoncini2003theory,
	title={Theory of inexact Krylov subspace methods and applications to scientific computing},
	author={Simoncini, Valeria and Szyld, Daniel B},
	journal={SIAM Journal on Scientific Computing},
	volume={25},
	number={2},
	pages={454--477},
	year={2003},
	publisher={SIAM}
}

@article{simoncini2007recent,
	title={Recent computational developments in Krylov subspace methods for linear systems},
	author={Simoncini, Valeria and Szyld, Daniel B},
	journal={Numerical Linear Algebra with Applications},
	volume={14},
	number={1},
	pages={1--59},
	year={2007},
	publisher={Wiley Online Library}
}

@article{stathopoulos2010computing,
	title={Computing and deflating eigenvalues while solving multiple right-hand side linear systems with an application to quantum chromodynamics},
	author={Stathopoulos, Andreas and Orginos, Konstantinos},
	journal={SIAM Journal on Scientific Computing},
	volume={32},
	number={1},
	pages={439--462},
	year={2010},
	publisher={SIAM}
}

@article{van2000residual,
	title={Residual replacement strategies for Krylov subspace iterative methods for the convergence of true residuals},
	author={Van Der Vorst, Henk A and Ye, Qiang},
	journal={SIAM Journal on Scientific Computing},
	volume={22},
	number={3},
	pages={835--852},
	year={2000},
	publisher={SIAM}
}

@article{walker1988implementation,
	title={Implementation of the GMRES method using Householder transformations},
	author={Walker, Homer F},
	journal={SIAM Journal on Scientific and Statistical Computing},
	volume={9},
	number={1},
	pages={152--163},
	year={1988},
	publisher={SIAM}
}

@book{wilkinson1965algebraic,
	title={The algebraic eigenvalue problem},
	author={Wilkinson, James Hardy},
	volume={87},
	year={1965},
	publisher={Clarendon Press Oxford}
}

@inproceedings{yamazaki2014improving,
	title={Improving the performance of CA-GMRES on multicores with multiple GPUs},
	author={Yamazaki, Ichitaro and Anzt, Hartwig and Tomov, Stanimire and Hoemmen, Mark and Dongarra, Jack},
	booktitle={Parallel and Distributed Processing Symposium, 2014 IEEE 28th International},
	pages={382--391},
	year={2014},
	organization={IEEE}
}

@inproceedings{chen2015tsqr,
	title={A TSQR Based Krylov Basis Computation Method on Hybrid GPU Cluster},
	author={Chen, Langshi and Petiton, Serge},
	booktitle={Cluster Computing (CLUSTER), 2015 IEEE International Conference on},
	pages={106--109},
	year={2015},
	organization={IEEE}
}

@inproceedings{chen2015toward,
	title={Toward Auto-tuned Krylov Basis Computation for Different Sparse Matrix Formats and Interconnects on GPU Clusters},
	author={Chen, Langshi and Petition, Serge},
	booktitle={Cluster Computing (CLUSTER), 2015 IEEE International Conference on},
	pages={537--538},
	year={2015},
	organization={IEEE}
}

@inproceedings{chen2014communication,
	title={A communication optimization scheme for basis computation of krylov subspace methods on multi-gpus},
	author={Chen, Langshi and Petiton, Serge G and Drummond, Leroy A and Hugues, Maxime},
	booktitle={International Conference on High Performance Computing for Computational Science},
	pages={3--16},
	year={2014},
	organization={Springer}
}

@inproceedings{ye2014study,
	title={A study of SpMV implementation using MPI and OpenMP on intel many-core architecture},
	author={Ye, Fan and Calvin, Christophe and Petiton, Serge G},
	booktitle={International Conference on High Performance Computing for Computational Science},
	pages={43--56},
	year={2014},
	organization={Springer}
}

@phdthesis{fender2017solutions,
	title={Solutions parall{\`e}les pour les grands probl{\`e}mes de valeurs propres issus de l'analyse de graphe},
	author={Fender, Alexandre},
	year={2017},
	school={Paris Saclay}
}

@inproceedings{fender2017parallel,
	title={Parallel jaccard and related graph clustering techniques},
	author={Fender, Alexandre and Emad, Nahid and Petiton, Serge and Eaton, Joe and Naumov, Maxim},
	booktitle={Proceedings of the 8th Workshop on Latest Advances in Scalable Algorithms for Large-Scale Systems},
	pages={4},
	year={2017},
	organization={ACM}
}

@article{fender2016accelerated,
	title={Accelerated hybrid approach for spectral problems arising in graph analytics},
	author={Fender, Alexandre and Emad, Nahid and Eaton, Joe and Petiton, Serge},
	journal={Procedia Computer Science},
	volume={80},
	pages={2338--2347},
	year={2016},
	publisher={Elsevier}
}

@article{heroux2005overview,
	title={An overview of the Trilinos project},
	author={Heroux, Michael A and Bartlett, Roscoe A and Howle, Vicki E and Hoekstra, Robert J and Hu, Jonathan J and Kolda, Tamara G and Lehoucq, Richard B and Long, Kevin R and Pawlowski, Roger P and Phipps, Eric T and others},
	journal={ACM Transactions on Mathematical Software (TOMS)},
	volume={31},
	number={3},
	pages={397--423},
	year={2005},
	publisher={ACM}
}

@article{edwards2014kokkos,
	title={Kokkos: Enabling manycore performance portability through polymorphic memory access patterns},
	author={Edwards, H Carter and Trott, Christian R and Sunderland, Daniel},
	journal={Journal of Parallel and Distributed Computing},
	volume={74},
	number={12},
	pages={3202--3216},
	year={2014},
	publisher={Elsevier}
}

@article{hernandez2005slepc,
	title={SLEPc: A scalable and flexible toolkit for the solution of eigenvalue problems},
	author={Hernandez, Vicente and Roman, Jose E and Vidal, Vicente},
	journal={ACM Transactions on Mathematical Software (TOMS)},
	volume={31},
	number={3},
	pages={351--362},
	year={2005},
	publisher={ACM}
}

@article{bavier2012amesos2,
	title={Amesos2 and Belos: Direct and iterative solvers for large sparse linear systems},
	author={Bavier, Eric and Hoemmen, Mark and Rajamanickam, Sivasankaran and Thornquist, Heidi},
	journal={Scientific Programming},
	volume={20},
	number={3},
	pages={241--255},
	year={2012},
	publisher={Hindawi}
}

@inproceedings{hoemmen2011communication,
	title={A communication-avoiding, hybrid-parallel, rank-revealing orthogonalization method},
	author={Hoemmen, Mark},
	booktitle={Parallel \& Distributed Processing Symposium (IPDPS), 2011 IEEE International},
	pages={966--977},
	year={2011},
	organization={IEEE}
}

@inproceedings{bridges2011cooperative,
	title={Cooperative application/OS DRAM fault recovery},
	author={Bridges, Patrick G and Hoemmen, Mark and Ferreira, Kurt B and Heroux, Michael A and Soltero, Philip and Brightwell, Ron},
	booktitle={European Conference on Parallel Processing},
	pages={241--250},
	year={2011},
	organization={Springer}
}

@article{baker2009anasazi,
	title={Anasazi software for the numerical solution of large-scale eigenvalue problems},
	author={Baker, Chris G and Hetmaniuk, Ulrich L and Lehoucq, Richard B and Thornquist, Heidi K},
	journal={ACM Transactions on Mathematical Software (TOMS)},
	volume={36},
	number={3},
	pages={13},
	year={2009},
	publisher={ACM}
}

@techreport{boman2014installing,
	title={Installing the anasazi eigensolver package with application to some graph eigenvalue problems},
	author={Boman, E and Devine, K and Lehoucq, R and Slattengren, N and Thornquist, Heidi},
	year={2014},
	institution={Tech. Report SAND2014-16610, Sandia National Labs, Tech. Rep., 2014, http://trilinos. org/wordpress/wp-content/uploads/2014/08/anasazi-ug-public. pdf}
}

@article{cyr2012stabilization,
	title={Stabilization and scalable block preconditioning for the Navier--Stokes equations},
	author={Cyr, Eric C and Shadid, John N and Tuminaro, Raymond S},
	journal={Journal of Computational Physics},
	volume={231},
	number={2},
	pages={345--363},
	year={2012},
	publisher={Elsevier}
}

@article{baker2009simple,
	title={A simple strategy for varying the restart parameter in GMRES (m)},
	author={Baker, Allison H and Jessup, Elizabeth R and Kolev, Tz V},
	journal={Journal of computational and applied mathematics},
	volume={230},
	number={2},
	pages={751--761},
	year={2009},
	publisher={Elsevier}
}

@article{baker2005technique,
	title={A technique for accelerating the convergence of restarted GMRES},
	author={Baker, Allison H and Jessup, Elizabeth R and Manteuffel, Thomas},
	journal={SIAM Journal on Matrix Analysis and Applications},
	volume={26},
	number={4},
	pages={962--984},
	year={2005},
	publisher={SIAM}
}

@article{benzi2002preconditioning,
	title={Preconditioning techniques for large linear systems: a survey},
	author={Benzi, Michele},
	journal={Journal of computational Physics},
	volume={182},
	number={2},
	pages={418--477},
	year={2002},
	publisher={Elsevier}
}

@article{bergere1998asynchronous,
	title={ASYNCHRONOUS PARALLEL HYBRID GMRES/LS-ARNOLDI METHOD},
	author={Berg{\`e}re, Guy and Essai, Azeddine and Petiton, Serge and Ere, Guy Berg},
	year={1998}
}

@article{brown1997gmres,
	title={GMRES on (nearly) singular systems},
	author={Brown, Peter N and Walker, Homer F},
	journal={SIAM Journal on Matrix Analysis and Applications},
	volume={18},
	number={1},
	pages={37--51},
	year={1997},
	publisher={SIAM}
}

@article{brown1990hybrid,
	title={Hybrid Krylov methods for nonlinear systems of equations},
	author={Brown, Peter N and Saad, Youcef},
	journal={SIAM Journal on Scientific and Statistical Computing},
	volume={11},
	number={3},
	pages={450--481},
	year={1990},
	publisher={SIAM}
}

@article{darnell2008deflated,
	title={Deflated GMRES for systems with multiple shifts and multiple right-hand sides},
	author={Darnell, Dean and Morgan, Ronald B and Wilcox, Walter},
	journal={Linear Algebra and its Applications},
	volume={429},
	number={10},
	pages={2415--2434},
	year={2008},
	publisher={Elsevier}
}

@techreport{duff1998preconditioning,
	title={Preconditioning and parallel preconditioning},
	author={Duff, Iain S and Van Der Vorst, Henk A},
	year={1998},
	institution={SCAN-9809090}
}

@article{erhel1995parallel,
	title={A parallel GMRES version for general sparse matrices},
	author={Erhel, Jocelyne},
	journal={Electronic Transactions on Numerical Analysis},
	volume={3},
	number={12},
	pages={160--176},
	year={1995}
}

@article{erlangga2004class,
	title={On a class of preconditioners for solving the Helmholtz equation},
	author={Erlangga, Yogi A and Vuik, Cornelis and Oosterlee, Cornelis Willebrordus},
	journal={Applied Numerical Mathematics},
	volume={50},
	number={3-4},
	pages={409--425},
	year={2004},
	publisher={Elsevier}
}

@inproceedings{gahvari2007benchmarking,
	title={Benchmarking sparse matrix-vector multiply in five minutes},
	author={Gahvari, Hormozd and Hoemmen, Mark and Demmel, James and Yelick, Katherine},
	booktitle={SPEC Benchmark Workshop},
	year={2007}
}

@article{giraud2010flexible,
	title={Flexible GMRES with deflated restarting},
	author={Giraud, Luc and Gratton, Serge and Pinel, Xavier and Vasseur, Xavier},
	journal={SIAM Journal on Scientific Computing},
	volume={32},
	number={4},
	pages={1858--1878},
	year={2010},
	publisher={SIAM}
}

@article{he2006hybrid,
	title={A hybrid GMRES/LS-arnoldi method to accelerate the parallel solution of linear systems},
	author={He, Haiwu and Berg{\`e}re, Guy and Petiton, Serge},
	journal={Computers \& Mathematics with Applications},
	volume={51},
	number={11},
	pages={1647--1662},
	year={2006},
	publisher={Elsevier}
}

@article{joubert1994convergence,
	title={On the convergence behavior of the restarted GMRES algorithm for solving nonsymmetric linear systems},
	author={Joubert, Wayne},
	journal={Numerical linear algebra with applications},
	volume={1},
	number={5},
	pages={427--447},
	year={1994},
	publisher={Wiley Online Library}
}

@inproceedings{lanczos1952chebyshev,
	title={Chebyshev polynomials in the solution of large-scale linear systems},
	author={Lanczos, Cornelius},
	booktitle={Proceedings of the 1952 ACM national meeting (Toronto)},
	pages={124--132},
	year={1952},
	organization={ACM}
}

@incollection{martin1971qr,
	title={The QR algorithm for real Hessenberg matrices},
	author={Martin, RS and Peters, Gwendoline and Wilkinson, JH},
	booktitle={Linear algebra},
	pages={359--371},
	year={1971},
	publisher={Springer}
}

@article{morgan2005restarted,
	title={Restarted block-GMRES with deflation of eigenvalues},
	author={Morgan, Ronald B},
	journal={Applied Numerical Mathematics},
	volume={54},
	number={2},
	pages={222--236},
	year={2005},
	publisher={Elsevier}
}

@article{morgan2004deflated,
	title={Deflated iterative methods for linear equations with multiple right-hand sides},
	author={Morgan, Ronald B and Wilcox, Walter},
	journal={arXiv preprint math-ph/0405053},
	year={2004}
}

@article{rivlin1990chebyshev,
	title={Chebyshev polynomials: from approximation theory to algebra and number theory},
	author={Rivlin, Theodore J},
	year={1990},
	publisher={J. Wiley \& Sons}
}

@article{saad1980variations,
	title={Variations on Arnoldi's method for computing eigenelements of large unsymmetric matrices},
	author={Saad, Yousef},
	journal={Linear algebra and its applications},
	volume={34},
	pages={269--295},
	year={1980},
	publisher={Elsevier}
}

@article{saad1987least,
	title={Least squares polynomials in the complex plane and their use for solving nonsymmetric linear systems},
	author={Saad, Youcef},
	journal={SIAM Journal on Numerical Analysis},
	volume={24},
	number={1},
	pages={155--169},
	year={1987},
	publisher={SIAM}
}

@article{saad1993flexible,
	title={A flexible inner-outer preconditioned GMRES algorithm},
	author={Saad, Youcef},
	journal={SIAM Journal on Scientific Computing},
	volume={14},
	number={2},
	pages={461--469},
	year={1993},
	publisher={SIAM}
}

@article{saad1997analysis,
	title={Analysis of augmented Krylov subspace methods},
	author={Saad, Yousef},
	journal={SIAM Journal on Matrix Analysis and Applications},
	volume={18},
	number={2},
	pages={435--449},
	year={1997},
	publisher={SIAM}
}

@article{sosonkina1998new,
	title={A new adaptive GMRES algorithm for achieving high accuracy},
	author={Sosonkina, Maria and Watson, Layne T and Kapania, Rakesh K and Walker, Homer F},
	journal={Numerical linear algebra with applications},
	volume={5},
	number={4},
	pages={275--297},
	year={1998},
	publisher={Wiley Online Library}
}

@inproceedings{duran2012intel,
	title={The Intel{\textregistered} many integrated core architecture},
	author={Duran, Alejandro and Klemm, Michael},
	booktitle={High Performance Computing and Simulation (HPCS), 2012 International Conference on},
	pages={365--366},
	year={2012},
	organization={IEEE}
}

@article{fu2016sunway,
	title={The Sunway TaihuLight supercomputer: system and applications},
	author={Fu, Haohuan and Liao, Junfeng and Yang, Jinzhe and Wang, Lanning and Song, Zhenya and Huang, Xiaomeng and Yang, Chao and Xue, Wei and Liu, Fangfang and Qiao, Fangli and others},
	journal={Science China Information Sciences},
	volume={59},
	number={7},
	pages={072001},
	year={2016},
	publisher={Springer}
}

@inproceedings{shalf2010exascale,
	title={Exascale computing technology challenges},
	author={Shalf, John and Dosanjh, Sudip and Morrison, John},
	booktitle={International Conference on High Performance Computing for Computational Science},
	pages={1--25},
	year={2010},
	organization={Springer}
}

@article{bergman2008exascale,
	title={Exascale computing study: Technology challenges in achieving exascale systems},
	author={Bergman, Keren and Borkar, Shekhar and Campbell, Dan and Carlson, William and Dally, William and Denneau, Monty and Franzon, Paul and Harrod, William and Hill, Kerry and Hiller, Jon and others},
	journal={Defense Advanced Research Projects Agency Information Processing Techniques Office (DARPA IPTO), Tech. Rep},
	volume={15},
	year={2008}
}

@article{ashby2010opportunities,
	title={The opportunities and challenges of exascale computing},
	author={Ashby, Steve and Beckman, Pete and Chen, Jackie and Colella, Phil and Collins, Bill and Crawford, Dona and Dongarra, Jack and Kothe, Doug and Lusk, Rusty and Messina, Paul and others},
	journal={Summary Report of the Advanced Scientific Computing Advisory Committee (ASCAC) Subcommittee},
	pages={1--77},
	year={2010}
}

@article{nvidia2007compute,
	title={Compute unified device architecture programming guide},
	author={Nvidia, CUDA},
	year={2007}
}

@article{dagum1998openmp,
	title={OpenMP: an industry standard API for shared-memory programming},
	author={Dagum, Leonardo and Menon, Ramesh},
	journal={IEEE computational science and engineering},
	volume={5},
	number={1},
	pages={46--55},
	year={1998},
	publisher={IEEE}
}


@inproceedings{essai1999heterogeneous,
	title={Heterogeneous Parallel Hybrid GMRES/LS-Arnoldi Method.},
	author={Essai, Azeddine and Berg{\'e}re, Guy and Petiton, Serge G},
	booktitle={PPSC},
	year={1999}
}

@article{yang2014acceleration,
	title={Acceleration of the Jacobi iterative method by factors exceeding 100 using scheduled relaxation},
	author={Yang, Xiyang IA and Mittal, Rajat},
	journal={Journal of Computational Physics},
	volume={274},
	pages={695--708},
	year={2014},
	publisher={Elsevier}
}

@article{yoon1988lower,
	title={Lower-upper symmetric-Gauss-Seidel method for the Euler and Navier-Stokes equations},
	author={Yoon, Seokkwan and Jameson, Antony},
	journal={AIAA journal},
	volume={26},
	number={9},
	pages={1025--1026},
	year={1988}
}

@inproceedings{adams1982multi,
	title={A multi-color SOR method for parallel computation.},
	author={Adams, Loyce and Ortega, J},
	booktitle={ICPP},
	pages={53--56},
	year={1982},
	organization={Citeseer}
}

@article{axelsson1972generalized,
	title={A generalized SSOR method},
	author={Axelsson, Owe},
	journal={BIT Numerical Mathematics},
	volume={12},
	number={4},
	pages={443--467},
	year={1972},
	publisher={Springer}
}

@article{hutchinson1986multigrid,
	title={A multigrid method based on the additive correction strategy},
	author={Hutchinson, BR and Raithby, GD},
	journal={Numerical Heat Transfer, Part A: Applications},
	volume={9},
	number={5},
	pages={511--537},
	year={1986},
	publisher={Taylor \& Francis}
}

@article{hiptmair1998multigrid,
	title={Multigrid method for Maxwell's equations},
	author={Hiptmair, Ralf},
	journal={SIAM Journal on Numerical Analysis},
	volume={36},
	number={1},
	pages={204--225},
	year={1998},
	publisher={SIAM}
}

@article{bank1988hierarchical,
	title={The hierarchical basis multigrid method},
	author={Bank, Randolph E and Dupont, Todd F and Yserentant, Harry},
	journal={Numerische Mathematik},
	volume={52},
	number={4},
	pages={427--458},
	year={1988},
	publisher={Springer}
}

@incollection{ruge1987algebraic,
	title={Algebraic multigrid},
	author={Ruge, John W and St{\"u}ben, Klaus},
	booktitle={Multigrid methods},
	pages={73--130},
	year={1987},
	publisher={SIAM}
}

@article{vanvek1996algebraic,
	title={Algebraic multigrid by smoothed aggregation for second and fourth order elliptic problems},
	author={Van{\v{e}}k, Petr and Mandel, Jan and Brezina, Marian},
	journal={Computing},
	volume={56},
	number={3},
	pages={179--196},
	year={1996},
	publisher={Springer}
}

@article{brandt1986algebraic,
	title={Algebraic multigrid theory: The symmetric case},
	author={Brandt, Achi},
	journal={Applied mathematics and computation},
	volume={19},
	number={1-4},
	pages={23--56},
	year={1986},
	publisher={Elsevier}
}

@article{brezina2001algebraic,
	title={Algebraic multigrid based on element interpolation (AMGe)},
	author={Brezina, Marian and Cleary, Andrew J and Falgout, Robert D and Henson, Van Enden and Jones, Jim E and Manteuffel, Thomas A and McCormick, Stephen F and Ruge, John W},
	journal={SIAM Journal on Scientific Computing},
	volume={22},
	number={5},
	pages={1570--1592},
	year={2001},
	publisher={SIAM}
}

@article{saad1981krylov,
	title={Krylov subspace methods for solving large unsymmetric linear systems},
	author={Saad, Yousef},
	journal={Mathematics of computation},
	volume={37},
	number={155},
	pages={105--126},
	year={1981}
}

@article{voss2004arnoldi,
	title={An Arnoldi method for nonlinear eigenvalue problems},
	author={Vo{\ss}, Heinrich},
	journal={BIT numerical mathematics},
	volume={44},
	number={2},
	pages={387--401},
	year={2004},
	publisher={Springer}
}

@article{widlund1978lanczos,
	title={A Lanczos method for a class of nonsymmetric systems of linear equations},
	author={Widlund, Olof},
	journal={SIAM Journal on Numerical Analysis},
	volume={15},
	number={4},
	pages={801--812},
	year={1978},
	publisher={SIAM}
}

@article{lasdon1967conjugate,
	title={The conjugate gradient method for optimal control problems},
	author={Lasdon, L and Mitter, S and Waren, A},
	journal={IEEE Transactions on Automatic Control},
	volume={12},
	number={2},
	pages={132--138},
	year={1967},
	publisher={IEEE}
}

@article{van2015induced,
	title={Induced Dimension Reduction},
	author={van Veneti{\"e}, Raymond and Westerdiep, Jan},
	year={2015}
}

@article{sleijpen1993bicgstab,
	title={BiCGstab (l) for linear equations involving unsymmetric matrices with complex spectrum},
	author={Sleijpen, Gerard LG and Fokkema, Diederik R},
	journal={Electronic Transactions on Numerical Analysis},
	volume={1},
	number={11},
	pages={2000},
	year={1993}
}

@article{freund1991qmr,
	title={QMR: a quasi-minimal residual method for non-Hermitian linear systems},
	author={Freund, Roland W and Nachtigal, No{\"e}l M},
	journal={Numerische mathematik},
	volume={60},
	number={1},
	pages={315--339},
	year={1991},
	publisher={Springer}
}

@inproceedings{basermann1996qmr,
	title={QMR and TFQMR methods for sparse nonsymmetric problems on massively parallel systems},
	author={Basermann, Achim},
	booktitle={AMS-SIAM Summer Seminar in Applied Mathematics},
	number={FZJ-2014-04512},
	year={1996},
	organization={Zentralinstitut f{\"u}r Angewandte Mathematik}
}

@article{paige1975solution,
	title={Solution of sparse indefinite systems of linear equations},
	author={Paige, Christopher C and Saunders, Michael A},
	journal={SIAM journal on numerical analysis},
	volume={12},
	number={4},
	pages={617--629},
	year={1975},
	publisher={SIAM}
}

@article{morgan1995restarted,
	title={A restarted GMRES method augmented with eigenvectors},
	author={Morgan, Ronald B},
	journal={SIAM Journal on Matrix Analysis and Applications},
	volume={16},
	number={4},
	pages={1154--1171},
	year={1995},
	publisher={SIAM}
}

@article{de1999truncation,
	title={Truncation strategies for optimal Krylov subspace methods},
	author={De Sturler, Eric},
	journal={SIAM Journal on Numerical Analysis},
	volume={36},
	number={3},
	pages={864--889},
	year={1999},
	publisher={SIAM}
}

@article{erhel1996restarted,
	title={Restarted GMRES preconditioned by deflation},
	author={Erhel, Jocelyne and Burrage, Kevin and Pohl, Bert},
	journal={Journal of computational and applied mathematics},
	volume={69},
	number={2},
	pages={303--318},
	year={1996},
	publisher={Elsevier}
}

@article{ghysels2014hiding,
	title={Hiding global synchronization latency in the preconditioned conjugate gradient algorithm},
	author={Ghysels, Pieter and Vanroose, Wim},
	journal={Parallel Computing},
	volume={40},
	number={7},
	pages={224--238},
	year={2014},
	publisher={Elsevier}
}


@article{fraysse2008algorithm,
	title={Algorithm 881: A set of flexible GMRES routines for real and complex arithmetics on high-performance computers},
	author={Frayss{\'e}, Val{\'e}rie and Giraud, Luc and Gratton, Serge},
	journal={ACM Transactions on Mathematical Software (TOMS)},
	volume={35},
	number={2},
	pages={13},
	year={2008},
	publisher={ACM}
}

@article{morgan1996restarting,
	title={On restarting the Arnoldi method for large nonsymmetric eigenvalue problems},
	author={Morgan, Ronald},
	journal={Mathematics of Computation of the American Mathematical Society},
	volume={65},
	number={215},
	pages={1213--1230},
	year={1996}
}

@incollection{sorensen1997implicitly,
	title={Implicitly restarted Arnoldi/Lanczos methods for large scale eigenvalue calculations},
	author={Sorensen, Danny C},
	booktitle={Parallel Numerical Algorithms},
	pages={119--165},
	year={1997},
	publisher={Springer}
}

@article{stewart2002krylov,
	title={A Krylov--Schur algorithm for large eigenproblems},
	author={Stewart, Gilbert W},
	journal={SIAM Journal on Matrix Analysis and Applications},
	volume={23},
	number={3},
	pages={601--614},
	year={2002},
	publisher={SIAM}
}

@article{sertel2000incomplete,
	title={Incomplete LU preconditioner for FMM implementation},
	author={Sertel, Kubilay and Volakis, John L},
	journal={Microwave and Optical Technology Letters},
	volume={26},
	number={4},
	pages={265--267},
	year={2000},
	publisher={Wiley Online Library}
}

@article{saad1994ilut,
	title={ILUT: A dual threshold incomplete LU factorization},
	author={Saad, Yousef},
	journal={Numerical linear algebra with applications},
	volume={1},
	number={4},
	pages={387--402},
	year={1994},
	publisher={Wiley Online Library}
}

@article{lee2003incomplete,
	title={Incomplete LU preconditioning for large scale dense complex linear systems from electromagnetic wave scattering problems},
	author={Lee, Jeonghwa and Zhang, Jun and Lu, Cai-Cheng},
	journal={Journal of Computational Physics},
	volume={185},
	number={1},
	pages={158--175},
	year={2003},
	publisher={Elsevier}
}

@article{malas2007incomplete,
	title={Incomplete LU preconditioning with the multilevel fast multipole algorithm for electromagnetic scattering},
	author={Malas, Tahir and G{\"u}rel, Levent},
	journal={SIAM Journal on Scientific Computing},
	volume={29},
	number={4},
	pages={1476--1494},
	year={2007},
	publisher={SIAM}
}

@article{plank2007algebraic,
	title={Algebraic multigrid preconditioner for the cardiac bidomain model},
	author={Plank, Gernot and Liebmann, Manfred and dos Santos, Rodrigo Weber and Vigmond, Edward J and Haase, Gundolf},
	journal={IEEE Transactions on Biomedical Engineering},
	volume={54},
	number={4},
	pages={585--596},
	year={2007},
	publisher={IEEE}
}

@article{leem2004algebraic,
	title={Algebraic multigrid (AMG) for saddle point systems from meshfree discretizations},
	author={Leem, Koung Hee and Oliveira, Suely and Stewart, DE},
	journal={Numerical linear algebra with applications},
	volume={11},
	number={2-3},
	pages={293--308},
	year={2004},
	publisher={Wiley Online Library}
}

@article{yang2002boomeramg,
	title={BoomerAMG: a parallel algebraic multigrid solver and preconditioner},
	author={Yang, Ulrike Meier and others},
	journal={Applied Numerical Mathematics},
	volume={41},
	number={1},
	pages={155--177},
	year={2002},
	publisher={Elsevier}
}

@article{mifune2003new,
	title={New algebraic multigrid preconditioning for iterative solvers in electromagnetic finite edge-element analyses},
	author={Mifune, Takeshi and Iwashita, Takeshi and Shimasaki, Masaaki},
	journal={IEEE transactions on magnetics},
	volume={39},
	number={3},
	pages={1677--1680},
	year={2003},
	publisher={IEEE}
}

@article{johnson1983polynomial,
	title={Polynomial preconditioners for conjugate gradient calculations},
	author={Johnson, Olin G and Micchelli, Charles A and Paul, George},
	journal={SIAM Journal on Numerical Analysis},
	volume={20},
	number={2},
	pages={362--376},
	year={1983},
	publisher={SIAM}
}

@article{javidi2009new,
	title={A new domain decomposition algorithm for generalized Burger’s--Huxley equation based on Chebyshev polynomials and preconditioning},
	author={Javidi, M and Golbabai, A},
	journal={Chaos, Solitons \& Fractals},
	volume={39},
	number={2},
	pages={849--857},
	year={2009},
	publisher={Elsevier}
}

@misc{balay2001petsc,
	title={PETSc web page},
	author={Balay, Satish and Buschelman, Kris and Gropp, William D and Kaushik, Dinesh and Knepley, Matthew G and McInnes, L Curfman and Smith, Barry F and Zhang, Hong},
	year={2001}
}

@article{heroux2005overview,
	title={An overview of the Trilinos project},
	author={Heroux, Michael A and Bartlett, Roscoe A and Howle, Vicki E and Hoekstra, Robert J and Hu, Jonathan J and Kolda, Tamara G and Lehoucq, Richard B and Long, Kevin R and Pawlowski, Roger P and Phipps, Eric T and others},
	journal={ACM Transactions on Mathematical Software (TOMS)},
	volume={31},
	number={3},
	pages={397--423},
	year={2005},
	publisher={ACM}
}

@article{montagne2004optimal,
	title={An optimal storage format for sparse matrices},
	author={Montagne, Eur{\i}pides and Ekambaram, Anand},
	journal={Information Processing Letters},
	volume={90},
	number={2},
	pages={87--92},
	year={2004},
	publisher={Elsevier}
}

@inproceedings{liu2015csr5,
	title={CSR5: An efficient storage format for cross-platform sparse matrix-vector multiplication},
	author={Liu, Weifeng and Vinter, Brian},
	booktitle={Proceedings of the 29th ACM on International Conference on Supercomputing},
	pages={339--350},
	year={2015},
	organization={ACM}
}

@inproceedings{stathis2003hierarchical,
	title={A hierarchical sparse matrix storage format for vector processors},
	author={Stathis, Pyrrhos and Vassiliadis, Stamatis and Cotofana, Sorin},
	booktitle={Parallel and Distributed Processing Symposium, 2003. Proceedings. International},
	pages={8--pp},
	year={2003},
	organization={IEEE}
}

@techreport{bell2008efficient,
	title={Efficient sparse matrix-vector multiplication on CUDA},
	author={Bell, Nathan and Garland, Michael},
	year={2008},
	institution={Nvidia Technical Report NVR-2008-004, Nvidia Corporation}
}

@inproceedings{bell2009implementing,
	title={Implementing sparse matrix-vector multiplication on throughput-oriented processors},
	author={Bell, Nathan and Garland, Michael},
	booktitle={Proceedings of the conference on high performance computing networking, storage and analysis},
	pages={18},
	year={2009},
	organization={ACM}
}

@inproceedings{merrill2016merge,
	title={Merge-based sparse matrix-vector multiplication (SpMV) using the CSR storage format},
	author={Merrill, Duane and Garland, Michael},
	booktitle={ACM SIGPLAN Notices},
	volume={51},
	number={8},
	pages={43},
	year={2016},
	organization={ACM}
}

@inproceedings{merrill2016merge,
	title={Merge-based parallel sparse matrix-vector multiplication},
	author={Merrill, Duane and Garland, Michael},
	booktitle={Proceedings of the International Conference for High Performance Computing, Networking, Storage and Analysis},
	pages={58},
	year={2016},
	organization={IEEE Press}
}

@article{kreutzer2014unified,
	title={A unified sparse matrix data format for efficient general sparse matrix-vector multiplication on modern processors with wide SIMD units},
	author={Kreutzer, Moritz and Hager, Georg and Wellein, Gerhard and Fehske, Holger and Bishop, Alan R},
	journal={SIAM Journal on Scientific Computing},
	volume={36},
	number={5},
	pages={C401--C423},
	year={2014},
	publisher={SIAM}
}

@inproceedings{ashari2014efficient,
	title={An efficient two-dimensional blocking strategy for sparse matrix-vector multiplication on GPUs},
	author={Ashari, Arash and Sedaghati, Naser and Eisenlohr, John and Sadayappan, P},
	booktitle={Proceedings of the 28th ACM international conference on Supercomputing},
	pages={273--282},
	year={2014},
	organization={ACM}
}

@article{abubaker2018spatiotemporal,
	title={Spatiotemporal Graph and Hypergraph Partitioning Models for Sparse Matrix-Vector Multiplication on Many-Core Architectures},
	author={Abubaker, Nabil FT and Akbudak, Kadir and Aykanat, Cevdet},
	journal={IEEE Transactions on Parallel and Distributed Systems},
	year={2018},
	publisher={IEEE}
}

@inproceedings{chen2014communication,
	title={A communication optimization scheme for basis computation of krylov subspace methods on multi-gpus},
	author={Chen, Langshi and Petiton, Serge G and Drummond, Leroy A and Hugues, Maxime},
	booktitle={International Conference on High Performance Computing for Computational Science},
	pages={3--16},
	year={2014},
	organization={Springer}
}

@article{catalyurek1999hypergraph,
	title={Hypergraph-partitioning based decomposition for parallel sparse-matrix vector multiplication},
	author={Catalyurek, Umit V and Aykanat, Cevdet},
	journal={IEEE Transactions on parallel and distributed systems},
	volume={10},
	number={7},
	pages={673--693},
	year={1999},
	publisher={IEEE}
}

@article{azad2016exploiting,
	title={Exploiting multiple levels of parallelism in sparse matrix-matrix multiplication},
	author={Azad, Ariful and Ballard, Grey and Buluc, Aydin and Demmel, James and Grigori, Laura and Schwartz, Oded and Toledo, Sivan and Williams, Samuel},
	journal={SIAM Journal on Scientific Computing},
	volume={38},
	number={6},
	pages={C624--C651},
	year={2016},
	publisher={SIAM}
}

@article{ghysels2013hiding,
	title={Hiding global communication latency in the GMRES algorithm on massively parallel machines},
	author={Ghysels, Pieter and Ashby, Thomas J and Meerbergen, Karl and Vanroose, Wim},
	journal={SIAM Journal on Scientific Computing},
	volume={35},
	number={1},
	pages={C48--C71},
	year={2013},
	publisher={SIAM}
}

@article{vastenhouw2005two,
	title={A two-dimensional data distribution method for parallel sparse matrix-vector multiplication},
	author={Vastenhouw, Brendan and Bisseling, Rob H},
	journal={SIAM review},
	volume={47},
	number={1},
	pages={67--95},
	year={2005},
	publisher={SIAM}
}

@article{karsavuran2016locality,
	title={Locality-aware parallel sparse matrix-vector and matrix-transpose-vector multiplication on many-core processors},
	author={Karsavuran, M Ozan and Akbudak, Kadir and Aykanat, Cevdet},
	journal={IEEE Transactions on Parallel \& Distributed Systems},
	number={1},
	pages={1--1},
	year={2016},
	publisher={IEEE}
}

@article{rupp2016pipelined,
	title={Pipelined iterative solvers with kernel fusion for graphics processing units},
	author={Rupp, Karl and Weinbub, Josef and J{\"u}ngel, Ansgar and Grasser, Tibor},
	journal={ACM Transactions on Mathematical Software (TOMS)},
	volume={43},
	number={2},
	pages={11},
	year={2016},
	publisher={ACM}
}

@inproceedings{yamazaki2017improving,
	title={Improving performance of GMRES by reducing communication and pipelining global collectives},
	author={Yamazaki, Ichitaro and Hoemmen, Mark and Luszczek, Piotr and Dongarra, Jack},
	booktitle={Parallel and Distributed Processing Symposium Workshops (IPDPSW), 2017 IEEE International},
	pages={1118--1127},
	year={2017},
	organization={IEEE}
}

@inproceedings{ashby2012impact,
	title={The impact of global communication latency at extreme scales on Krylov methods},
	author={Ashby, Thomas J and Ghysels, Pieter and Heirman, Wim and Vanroose, Wim},
	booktitle={International Conference on Algorithms and Architectures for Parallel Processing},
	pages={428--442},
	year={2012},
	organization={Springer}
}

@article{sanan2016pipelined,
	title={Pipelined, flexible Krylov subspace methods},
	author={Sanan, Patrick and Schnepp, Sascha M and May, Dave A},
	journal={SIAM Journal on Scientific Computing},
	volume={38},
	number={5},
	pages={C441--C470},
	year={2016},
	publisher={SIAM}
}

@inproceedings{haidar2018harnessing,
	title={Harnessing GPU tensor cores for fast FP16 arithmetic to speed up mixed-precision iterative refinement solvers},
	author={Haidar, Azzam and Tomov, Stanimire and Dongarra, Jack and Higham, Nicholas J},
	booktitle={Harnessing GPU Tensor Cores for Fast FP16 Arithmetic to Speed up Mixed-Precision Iterative Refinement Solvers},
	pages={0},
	year={2018},
	organization={IEEE}
}

@article{kouya2014highly,
	title={A highly efficient implementation of multiple precision sparse matrix-vector multiplication and its application to product-type Krylov subspace methods},
	author={Kouya, Tomonori},
	journal={arXiv preprint arXiv:1411.2377},
	year={2014}
}

@article{yamazaki2015mixed,
	title={Mixed-precision Cholesky QR factorization and its case studies on multicore CPU with multiple GPUs},
	author={Yamazaki, Ichitaro and Tomov, Stanimire and Dongarra, Jack},
	journal={SIAM Journal on Scientific Computing},
	volume={37},
	number={3},
	pages={C307--C330},
	year={2015},
	publisher={SIAM}
}

@article{padoin2013evaluating,
	title={Evaluating application performance and energy consumption on hybrid CPU+ GPU architecture},
	author={Padoin, Edson Luiz and Pilla, La{\'e}rcio Lima and Boito, Francieli Zanon and Kassick, Rodrigo Virote and Velho, Pedro and Navaux, Philippe OA},
	journal={Cluster Computing},
	volume={16},
	number={3},
	pages={511--525},
	year={2013},
	publisher={Springer}
}

@article{aliaga2015unveiling,
	title={Unveiling the performance-energy trade-off in iterative linear system solvers for multithreaded processors},
	author={Aliaga, Jos{\'e} I and Anzt, Hartwig and Castillo, Maribel and Fern{\'a}ndez, Juan C and Le{\'o}n, Germ{\'a}n and P{\'e}rez, Joaqu{\'\i}n and Quintana-Ort{\'\i}, Enrique S},
	journal={Concurrency and Computation: Practice and Experience},
	volume={27},
	number={4},
	pages={885--904},
	year={2015},
	publisher={Wiley Online Library}
}

@inproceedings{anzt2015energy,
	title={Energy efficiency and performance frontiers for sparse computations on GPU supercomputers},
	author={Anzt, Hartwig and Tomov, Stanimire and Dongarra, Jack},
	booktitle={Proceedings of the sixth international workshop on programming models and applications for multicores and manycores},
	pages={1--10},
	year={2015},
	organization={ACM}
}

@article{wittmann2013analysis,
	title={An analysis of energy-optimized lattice-Boltzmann CFD simulations from the chip to the highly parallel level},
	author={Wittmann, Markus and Hager, Georg and Zeiser, Thomas and Wellein, Gerhard},
	journal={CoRR, vol. abs/1304.7664},
	year={2013},
	publisher={Citeseer}
}

@article{maynard2018precision,
	title={Precision of the ENDGame: Mixed-precision arithmetic in the iterative solver of the Unified Model},
	author={Maynard, Christopher M and Walters, David N},
	journal={arXiv preprint arXiv:1811.03852},
	year={2018}
}

@inproceedings{demmel2008communication,
	title={Communication-avoiding parallel and sequential QR and LU factorizations},
	author={Demmel, James and Grigori, Laura and Hoemmen, Mark and Langou, Julien},
	booktitle={SIAM Journal of Scientific Computing},
	year={2008},
	organization={Citeseer}
}

@inproceedings{anderson2011communication,
	title={Communication-avoiding QR decomposition for GPUs},
	author={Anderson, Michael and Ballard, Grey and Demmel, James and Keutzer, Kurt},
	booktitle={Parallel \& Distributed Processing Symposium (IPDPS), 2011 IEEE International},
	pages={48--58},
	year={2011},
	organization={IEEE}
}

@techreport{carson2011avoiding,
	title={Avoiding communication in two-sided Krylov subspace methods},
	author={Carson, Erin and Knight, Nicholas and Demmel, James},
	year={2011},
	institution={CALIFORNIA UNIV BERKELEY DEPT OF ELECTRICAL ENGINEERING AND COMPUTER SCIENCE}
}

@inproceedings{chen2015tsqr,
	title={A TSQR Based Krylov Basis Computation Method on Hybrid GPU Cluster},
	author={Chen, Langshi and Petiton, Serge},
	booktitle={Cluster Computing (CLUSTER), 2015 IEEE International Conference on},
	pages={106--109},
	year={2015},
	organization={IEEE}
}

@article{edwards2014kokkos,
	title={Kokkos: Enabling manycore performance portability through polymorphic memory access patterns},
	author={Edwards, H Carter and Trott, Christian R and Sunderland, Daniel},
	journal={Journal of Parallel and Distributed Computing},
	volume={74},
	number={12},
	pages={3202--3216},
	year={2014},
	publisher={Elsevier}
}

@article{swirydowicz2018low,
	title={Low synchronization GMRES algorithms},
	author={Swirydowicz, Kasia and Langou, Julien and Ananthan, Shreyas and Yang, Ulrike and Thomas, Stephen},
	journal={arXiv preprint arXiv:1809.05805},
	year={2018}
}

@inproceedings{fujino2015estimation,
	title={An estimation of single-synchronized Krylov subspace methods with hybrid parallelization},
	author={Fujino, Seiji and Iwasato, Kosuke},
	booktitle={Proceedings of the World Congress on Engineering},
	volume={1},
	year={2015}
}

@article{selvitopi2015novel,
	title={A novel method for scaling iterative solvers: Avoiding latency overhead of parallel sparse-matrix vector multiplies},
	author={Selvitopi, R Oguz and Ozdal, Muhammet Mustafa and Aykanat, Cevdet},
	journal={IEEE Transactions on parallel and distributed systems},
	volume={26},
	number={3},
	pages={632--645},
	year={2015},
	publisher={IEEE}
}

@article{heroux2005epetra,
	title={Epetra performance optimization guide},
	author={Heroux, Michael A},
	journal={Sandia National Laboratories, Tech. Rep. SAND2005-1668},
	year={2005}
}

@article{baker2012tpetra,
	title={Tpetra, and the use of generic programming in scientific computing},
	author={Baker, Christopher G and Heroux, Michael A},
	journal={Scientific Programming},
	volume={20},
	number={2},
	pages={115--128},
	year={2012},
	publisher={Hindawi}
}

@techreport{heroux2004aztecoo,
	title={AztecOO user guide.},
	author={Heroux, Michael Allen},
	year={2004},
	institution={Sandia National Laboratories}
}

@article{bavier2012amesos2,
	title={Amesos2 and Belos: Direct and iterative solvers for large sparse linear systems},
	author={Bavier, Eric and Hoemmen, Mark and Rajamanickam, Sivasankaran and Thornquist, Heidi},
	journal={Scientific Programming},
	volume={20},
	number={3},
	pages={241--255},
	year={2012},
	publisher={Hindawi}
}

@article{baker2009anasazi,
	title={Anasazi software for the numerical solution of large-scale eigenvalue problems},
	author={Baker, Chris G and Hetmaniuk, Ulrich L and Lehoucq, Richard B and Thornquist, Heidi K},
	journal={ACM Transactions on Mathematical Software (TOMS)},
	volume={36},
	number={3},
	pages={13},
	year={2009},
	publisher={ACM}
}

@article{day2001solving,
	title={Solving complex-valued linear systems via equivalent real formulations},
	author={Day, David and Heroux, Michael A},
	journal={SIAM Journal on Scientific Computing},
	volume={23},
	number={2},
	pages={480--498},
	year={2001},
	publisher={SIAM}
}

@techreport{wu2018smg2s,
	title={SMG2S Manual v1. 0},
	author={Wu, Xinzhe},
	year={2018},
	school={Maison de la Simulation}
}

@incollection{newman1976finite,
	title={A finite-element analysis of fatigue crack closure},
	author={Newman, James C},
	booktitle={Mechanics of crack growth},
	year={1976},
	publisher={ASTM International}
}

@article{sukumar2003extended,
	title={Extended finite element method and fast marching method for three-dimensional fatigue crack propagation},
	author={Sukumar, N and Chopp, DL and Moran, B},
	journal={Engineering Fracture Mechanics},
	volume={70},
	number={1},
	pages={29--48},
	year={2003},
	publisher={Elsevier}
}

@article{arridge1993finite,
	title={A finite element approach for modeling photon transport in tissue},
	author={Arridge, SR and Schweiger, M and Hiraoka, M and Delpy, DT},
	journal={Medical physics},
	volume={20},
	number={2},
	pages={299--309},
	year={1993},
	publisher={Wiley Online Library}
}
@article{schweiger1995finite,
	title={The finite element method for the propagation of light in scattering media: boundary and source conditions},
	author={Schweiger, Martin and Arridge, SR and Hiraoka, M and Delpy, DT},
	journal={Medical physics},
	volume={22},
	number={11},
	pages={1779--1792},
	year={1995},
	publisher={Wiley Online Library}
}

@book{bastos2003electromagnetic,
	title={Electromagnetic modeling by finite element methods},
	author={Bastos, Jo{\~a}o Pedro A and Sadowski, Nelson},
	year={2003},
	publisher={CRC press}
}

@article{pridmore1981investigation,
	title={An investigation of finite-element modeling for electrical and electromagnetic data in three dimensions},
	author={Pridmore, DF and Hohmann, GW and Ward, SH and Sill, WR},
	journal={Geophysics},
	volume={46},
	number={7},
	pages={1009--1024},
	year={1981},
	publisher={Society of Exploration Geophysicists}
}

@article{moczo2007finite,
	title={The finite-difference and finite-element modeling of seismic wave propagation and earthquake motion},
	author={Moczo, Peter and Kristek, Jozef and Galis, M and Pazak, P and Balazovjech, M},
	journal={Acta Physica Slovaca. Reviews and Tutorials},
	volume={57},
	number={2},
	pages={177--406},
	year={2007},
	publisher={Versita}
}

@article{chen2015transient,
	title={Transient analysis of wave propagation in layered soil by using the scaled boundary finite element method},
	author={Chen, Xiaojun and Birk, Carolin and Song, Chongmin},
	journal={Computers and Geotechnics},
	volume={63},
	pages={1--12},
	year={2015},
	publisher={Elsevier}
}

@article{morgan2005restarted,
	title={Restarted block-GMRES with deflation of eigenvalues},
	author={Morgan, Ronald B},
	journal={Applied Numerical Mathematics},
	volume={54},
	number={2},
	pages={222--236},
	year={2005},
	publisher={Amsterdam [Netherlands]: North-Holland, c1985-}
}

@article{saad1986gmres,
	title={GMRES: A generalized minimal residual algorithm for solving nonsymmetric linear systems},
	author={Saad, Youcef and Schultz, Martin H},
	journal={SIAM Journal on scientific and statistical computing},
	volume={7},
	number={3},
	pages={856--869},
	year={1986},
	publisher={SIAM}
}

@inproceedings{wu2018distributed,
	title={A Distributed and Parallel Asynchronous Unite and Conquer Method to Solve Large Scale Non-Hermitian Linear Systems},
	author={Wu, Xinzhe and Petiton, Serge G},
	booktitle={Proceedings of the International Conference on High Performance Computing in Asia-Pacific Region},
	pages={36--46},
	year={2018},
	organization={ACM}
}

@article{emad2016unite,
	title={Unite and conquer approach for high scale numerical computing},
	author={Emad, Nahid and Petiton, Serge},
	journal={Journal of Computational Science},
	volume={14},
	pages={5--14},
	year={2016},
	publisher={Elsevier}
}


@article{saad1987least,
	title={Least squares polynomials in the complex plane and their use for solving nonsymmetric linear systems},
	author={Saad, Youcef},
	journal={SIAM Journal on Numerical Analysis},
	volume={24},
	number={1},
	pages={155--169},
	year={1987},
	publisher={SIAM}
}

@techreport{wu:hal-01874810,
	TITLE = {{SMG2S Manual v1.0}},
	AUTHOR = {WU, Xinzhe},
	TYPE = {Technical Report},
	INSTITUTION = {{Maison de la Simulation}},
	YEAR = {2018},
	MONTH = Sep,
	PDF = {https://hal.archives-ouvertes.fr/hal-01874810/file/smg2s_manual.pdf},
	HAL_ID = {hal-01874810},
	HAL_VERSION = {v1},
}


@article{brezinski1994hybrid,
	title={Hybrid procedures for solving linear systems},
	author={Brezinski, Claude and Redivo-Zaglia, M},
	journal={Numerische Mathematik},
	volume={67},
	number={1},
	pages={1--19},
	year={1994},
	publisher={Springer}
}

@article{saad1984chebyshev,
	title={Chebyshev acceleration techniques for solving nonsymmetric eigenvalue problems},
	author={Saad, Youcef},
	journal={Mathematics of Computation},
	volume={42},
	number={166},
	pages={567--588},
	year={1984}
}

@article{emad2005multiple,
	title={Multiple explicitly restarted Arnoldi method for solving large eigenproblems},
	author={Emad, Nahid and Petiton, Serge and Edjlali, Guy},
	journal={SIAM Journal on Scientific Computing},
	volume={27},
	number={1},
	pages={253--277},
	year={2005},
	publisher={SIAM}
}

@inproceedings{fender2016leveraging,
	title={Leveraging accelerators in the multiple implicitly restarted Arnoldi method with nested subspaces},
	author={Fender, Alexandre and Emad, Nahid and Petiton, Serge and Eaton, Joe},
	booktitle={Emerging Technologies and Innovative Business Practices for the Transformation of Societies (EmergiTech), IEEE International Conference on},
	pages={389--394},
	year={2016},
	organization={IEEE}
}

@techreport{dongarra2014applied,
	title={Applied mathematics research for exascale computing},
	author={Dongarra, Jack and Hittinger, Jeffrey and Bell, John and Chacon, Luis and Falgout, Robert and Heroux, Michael and Hovland, Paul and Ng, Esmond and Webster, Clayton and Wild, Stefan},
	year={2014},
	institution={Lawrence Livermore National Laboratory (LLNL), Livermore, CA}
}

@article{manteuffel1977tchebychev,
	title={The Tchebychev iteration for nonsymmetric linear systems},
	author={Manteuffel, Thomas A},
	journal={Numerische Mathematik},
	volume={28},
	number={3},
	pages={307--327},
	year={1977},
	publisher={Springer}
}

@article{stewart2002krylov,
	title={A Krylov--Schur algorithm for large eigenproblems},
	author={Stewart, Gilbert W},
	journal={SIAM Journal on Matrix Analysis and Applications},
	volume={23},
	number={3},
	pages={601--614},
	year={2002},
	publisher={SIAM}
}

@incollection{sorensen1997implicitly,
	title={Implicitly restarted Arnoldi/Lanczos methods for large scale eigenvalue calculations},
	author={Sorensen, Danny C},
	booktitle={Parallel Numerical Algorithms},
	pages={119--165},
	year={1997},
	publisher={Springer}
}

@book{saad2011numerical,
	title={Numerical methods for large eigenvalue problems: revised edition},
	author={Saad, Yousef},
	volume={66},
	year={2011},
	publisher={Siam}
}

@inproceedings{wu2018parallel,
	title={A Parallel Generator of Non-Hermitian Matrices computed from Given Spectra},
	author={Wu, Xinzhe and Petiton, Serge and Lu, Yutong},
	booktitle={VECPAR 2018: 13th International Meeting on High Performance Computing for Computational Science},
	year={2018}
}


@phdthesis{vital1990etude,
	title={Etude de quelques m{\'e}thodes de r{\'e}solution de problemes lin{\'e}aires de grande taille sur multiprocesseur},
	author={Vital, Brigitte},
	year={1990},
	school={Rennes 1}
}

@article{saad1987least,
	title={Least squares polynomials in the complex plane and their use for solving nonsymmetric linear systems},
	author={Saad, Youcef},
	journal={SIAM Journal on Numerical Analysis},
	volume={24},
	number={1},
	pages={155--169},
	year={1987},
	publisher={SIAM}
}

@article{agullo2014block,
	title={Block GMRES method with inexact breakdowns and deflated restarting},
	author={Agullo, Emmanuel and Giraud, Luc and Jing, Y-F},
	journal={SIAM Journal on Matrix Analysis and Applications},
	volume={35},
	number={4},
	pages={1625--1651},
	year={2014},
	publisher={SIAM}
}

@phdthesis{hoemmen2010communication,
	title={Communication-avoiding Krylov subspace methods},
	author={Hoemmen, Mark},
	year={2010},
	school={UC Berkeley}
}

@inproceedings{demmel2008avoiding,
	title={Avoiding communication in sparse matrix computations},
	author={Demmel, James and Hoemmen, Mark and Mohiyuddin, Marghoob and Yelick, Katherine},
	booktitle={Parallel and Distributed Processing, 2008. IPDPS 2008. IEEE International Symposium on},
	pages={1--12},
	year={2008},
	organization={IEEE}
}

@phdthesis{carson2015communication,
	title={Communication-avoiding Krylov subspace methods in theory and practice},
	author={Carson, Erin Claire},
	year={2015},
	school={UC Berkeley}
}

@article{morgan2016stochastic,
	title={A stochastic performance model for pipelined Krylov methods},
	author={Morgan, Hannah and Knepley, Matthew G and Sanan, Patrick and Scott, L Ridgway},
	journal={Concurrency and Computation: Practice and Experience},
	volume={28},
	number={18},
	pages={4532--4542},
	year={2016},
	publisher={Wiley Online Library}
}

@article{cools2017communication,
	title={The communication-hiding pipelined BiCGStab method for the parallel solution of large unsymmetric linear systems},
	author={Cools, Siegfried and Vanroose, Wim},
	journal={Parallel Computing},
	volume={65},
	pages={1--20},
	year={2017},
	publisher={Elsevier}
}

@article{ghysels2013hiding,
	title={Hiding global communication latency in the GMRES algorithm on massively parallel machines},
	author={Ghysels, Pieter and Ashby, Thomas J and Meerbergen, Karl and Vanroose, Wim},
	journal={SIAM Journal on Scientific Computing},
	volume={35},
	number={1},
	pages={C48--C71},
	year={2013},
	publisher={SIAM}
}

@article{emad2016unite,
	title={Unite and conquer approach for high scale numerical computing},
	author={Emad, Nahid and Petiton, Serge},
	journal={Journal of Computational Science},
	volume={14},
	pages={5--14},
	year={2016},
	publisher={Elsevier}
}

@article{saad1987least,
	title={Least squares polynomials in the complex plane and their use for solving nonsymmetric linear systems},
	author={Saad, Youcef},
	journal={SIAM Journal on Numerical Analysis},
	volume={24},
	number={1},
	pages={155--169},
	year={1987},
	publisher={SIAM}
}

@phdthesis{delannoyyml,
	title={YML: un workflow scientifique pour le calcul haute performance},
	author={Delannoy, Olivier},
	year={2008},
	school={Universit{\'e} de Versailles Saint-Quentin, France}
}

@article{sakurai2010application,
	title={Application of block Krylov subspace algorithms to the Wilson--Dirac equation with multiple right-hand sides in lattice QCD},
	author={Sakurai, Tetsuya and Tadano, Hiroto and Kuramashi, Y},
	journal={Computer Physics Communications},
	volume={181},
	number={1},
	pages={113--117},
	year={2010},
	publisher={Elsevier}
}

@article{nakamura2012modified,
	title={Modified block BiCGSTAB for lattice QCD},
	author={Nakamura, Yoshifumi and Ishikawa, K-I and Kuramashi, Y and Sakurai, Tetsuya and Tadano, Hiroto},
	journal={Computer Physics Communications},
	volume={183},
	number={1},
	pages={34--37},
	year={2012},
	publisher={Elsevier}
}

@inproceedings{fiebach1997variants,
	title={Variants of the Block-QMR method and applications in quantum chromodynamics},
	author={Fiebach, Peter and Frommer, Andreas and Freund, Roland},
	booktitle={15th IMACS World Congress on Scientific Computation, Modelling and Applied Mathematics},
	volume={3},
	pages={491--496},
	year={1997}
}

@article{malhotra1997iterative,
	title={Iterative solution of multiple radiation and scattering problems in structural acoustics using a block quasi-minimal residual algorithm},
	author={Malhotra, Manish and Freund, Roland W and Pinsky, Peter M},
	journal={Computer methods in applied mechanics and engineering},
	volume={146},
	number={1-2},
	pages={173--196},
	year={1997},
	publisher={Elsevier Science}
}

@article{barbella2011block,
	title={Block Krylov subspace methods for the computation of structural response to turbulent wind},
	author={Barbella, Gianluca and Perotti, Federico and Simoncini, V},
	journal={Computer Methods in Applied Mechanics and Engineering},
	volume={200},
	number={23-24},
	pages={2067--2082},
	year={2011},
	publisher={Elsevier}
}

@article{ferraz2001block,
	title={Block-Krylov component synthesis and minimum rank perturbation theory for damage detection in complex structures},
	author={Ferraz, Fabio Guilherme and Dos Santos, Jos{\'e} Maria C},
	journal={Proceeding of the IX DINAME, Florian{\'o}polis-SC-Brazil},
	pages={329--334},
	year={2001}
}

@article{nour1985short,
	title={Short communication block lanczos method for dynamic analysis of structures},
	author={Nour-Omid, Bahram and Clough, Ray W},
	journal={Earthquake engineering \& structural dynamics},
	volume={13},
	number={2},
	pages={271--275},
	year={1985},
	publisher={Wiley Online Library}
}

@article{nvidia2011nvidia,
	title={Nvidia cuda c programming guide},
	author={Nvidia, CUDA},
	journal={Nvidia Corporation},
	volume={120},
	number={18},
	pages={8},
	year={2011}
}

@book{gropp1999using,
	title={Using MPI: portable parallel programming with the message-passing interface},
	author={Gropp, William D and Gropp, William and Lusk, Ewing and Skjellum, Anthony and Lusk, Argonne Distinguished Fellow Emeritus Ewing},
	volume={1},
	year={1999},
	publisher={MIT press}
}

@inproceedings{lee2010implementation,
	title={Implementation and performance evaluation of xcalablemp: A parallel programming language for distributed memory systems},
	author={Lee, Jinpil and Sato, Mitsuhisa},
	booktitle={Parallel Processing Workshops (ICPPW), 2010 39th International Conference on},
	pages={413--420},
	year={2010},
	organization={IEEE}
}

@article{duran2011ompss,
	title={Ompss: a proposal for programming heterogeneous multi-core architectures},
	author={Duran, Alejandro and Ayguad{\'e}, Eduard and Badia, Rosa M and Labarta, Jes{\'u}s and Martinell, Luis and Martorell, Xavier and Planas, Judit},
	journal={Parallel Processing Letters},
	volume={21},
	number={02},
	pages={173--193},
	year={2011},
	publisher={World Scientific}
}

@article{aquilanti2011parallel,
	title={Parallel GMRES Incomplete Orthogonalization Auto-Tuning},
	author={Aquilanti, Pierre-Yves and Petiton, Serge and Calandra, Henri},
	journal={Procedia Computer Science},
	volume={4},
	pages={2246--2256},
	year={2011},
	publisher={Elsevier}
}

@article{liu2018highly,
	title={Highly confined Love waves modes by defect states in a holey SiO 2/quartz phononic crystal},
	author={Liu, Yuxin and Talbi, Abdelkrim and Pernod, Philippe and Bou Matar, Olivier},
	journal={Journal of Applied Physics},
	volume={124},
	number={14},
	pages={145102},
	year={2018},
	publisher={AIP Publishing}
}

@inproceedings{katagiri2012smart,
	title={A smart tuning strategy for restart frequency of GMRES (m) with hierarchical cache sizes},
	author={Katagiri, Takahiro and Aquilanti, Pierre-Yves and Petiton, Serge},
	booktitle={International Conference on High Performance Computing for Computational Science},
	pages={314--328},
	year={2012},
	organization={Springer}
}

@article{augonnet2011starpu,
	title={StarPU: a unified platform for task scheduling on heterogeneous multicore architectures},
	author={Augonnet, C{\'e}dric and Thibault, Samuel and Namyst, Raymond and Wacrenier, Pierre-Andr{\'e}},
	journal={Concurrency and Computation: Practice and Experience},
	volume={23},
	number={2},
	pages={187--198},
	year={2011},
	publisher={Wiley Online Library}
}

@article{wilde2011swift,
	title={Swift: A language for distributed parallel scripting},
	author={Wilde, Michael and Hategan, Mihael and Wozniak, Justin M and Clifford, Ben and Katz, Daniel S and Foster, Ian},
	journal={Parallel Computing},
	volume={37},
	number={9},
	pages={633--652},
	year={2011},
	publisher={Elsevier}
}

@techreport{grimshaw1994synopsis,
	title={A synopsis of the Legion Project},
	author={Grimshaw, Andrew and Wulf, W and French, J and Weaver, A and Reynolds Jr, Paul F},
	year={1994},
	institution={Technical Report CS-94-20, Department of Computer Science, University of Virginia}
}

@inproceedings{zhang2018mocl,
	title={MOCL: an efficient openCL implementation for the matrix-2000 architecture},
	author={Zhang, Peng and Tang, Tao and Fang, Jianbin and Huang, Chun and Yang, Canqun and Wang, Zheng},
	booktitle={Proceedings of the 15th ACM International Conference on Computing Frontiers},
	pages={26--35},
	year={2018},
	organization={ACM}
}

@article{elman1986hybrid,
	title={A hybrid Chebyshev Krylov subspace algorithm for solving nonsymmetric systems of linear equations},
	author={Elman, Howard C and Saad, Youcef and Saylor, Paul E},
	journal={SIAM Journal on Scientific and Statistical Computing},
	volume={7},
	number={3},
	pages={840--855},
	year={1986},
	publisher={SIAM}
}

@article{nachtigal1992hybrid,
	title={A hybrid GMRES algorithm for nonsymmetric linear systems},
	author={Nachtigal, No{\"e}l M and Reichel, Lothar and Trefethen, Lloyd N},
	journal={SIAM Journal on Matrix Analysis and Applications},
	volume={13},
	number={3},
	pages={796--825},
	year={1992},
	publisher={SIAM}
}

@inproceedings{munshi2009opencl,
	title={The opencl specification},
	author={Munshi, Aaftab},
	booktitle={Hot Chips 21 Symposium (HCS), 2009 IEEE},
	pages={1--314},
	year={2009},
	organization={IEEE}
}

@inproceedings{wienke2012openacc,
	title={OpenACC—first experiences with real-world applications},
	author={Wienke, Sandra and Springer, Paul and Terboven, Christian and an Mey, Dieter},
	booktitle={European Conference on Parallel Processing},
	pages={859--870},
	year={2012},
	organization={Springer}
}

@online{TheNextPlatform,
	author = {TheNextPlatform},
	title = {{TheNextPlatform} ARGONNE HINTS AT FUTURE ARCHITECTURE OF AURORA EXASCALE SYSTEM},
	year = 2018,
	url = {https://www.nextplatform.com/2018/03/19/argonne-hints-at-future-architecture-of-aurora-exascale-system/},
	urldate = {2018-03-19}
}

@online{ceaarm,
	author = {Michael Feldman},
	title = {{Top500} CEA to Deploy Arm-Powered Supercomputer},
	year = 2018,
	url = {https://www.top500.org/news/cea-to-deploy-arm-powered-supercomputer/},
	urldate = {2018-11-12}
}

@online{japanarm,
	author = {Michael Feldman},
	title = {{Top500} Fujitsu Completes Prototype of ARM Processor That Will Power Excascale Supercomputer},
	year = 2018,
	urldate = {2018-06-22}
}



@inproceedings{rajovic2016mont,
	title={The Mont-Blanc prototype: an alternative approach for HPC systems},
	author={Rajovic, Nikola and Rico, Alejandro and Mantovani, Filippo and Ruiz, Daniel and Vilarrubi, Josep Oriol and Gomez, Constantino and Backes, Luna and Nieto, Diego and Servat, Harald and Martorell, Xavier and others},
	booktitle={High Performance Computing, Networking, Storage and Analysis, SC16: International Conference for},
	pages={444--455},
	year={2016},
	organization={IEEE}
}

@article{von1945first,
	title={First Draft of a Report on the EDVAC, 30 June 1945},
	author={Von Neumann, John},
	journal={Contract No W-670-ORD-492, Moore School of Electrical Engineering, University of Pennsylvania, Philadelphia. Google Scholar},
	year={1945}
}
@online{matrix-2000,
	author = {WikiChips},
	title = {{WikiChips} Matrix-2000 - NUDT},
	year = 2017,
	url = {https://en.wikichip.org/wiki/nudt/matrix-2000}
}

@article{kutsukake2015deflated,
	title={The deflated flexible GMRES with an approximate inverse preconditioner},
	author={Kutsukake, Takuro and Nodera, Takashi},
	year={2015}
}

@article{erhel1996restarted,
	title={Restarted GMRES preconditioned by deflation},
	author={Erhel, Jocelyne and Burrage, Kevin and Pohl, Bert},
	journal={Journal of computational and applied mathematics},
	volume={69},
	number={2},
	pages={303--318},
	year={1996},
	publisher={Elsevier}
}

@article{morgan2002gmres,
	title={GMRES with deflated restarting},
	author={Morgan, Ronald B},
	journal={SIAM Journal on Scientific Computing},
	volume={24},
	number={1},
	pages={20--37},
	year={2002},
	publisher={SIAM}
}


@article{morgan2002deflation,
	title={Deflation of Eigenvalues for GMRES in Lattice QCD},
	author={Morgan, Ronald B and Wilcox, Walter},
	journal={Nuclear Physics B-Proceedings Supplements},
	volume={106},
	pages={1067--1069},
	year={2002},
	publisher={Elsevier}
}

@article{giraud2010flexible,
	title={Flexible GMRES with deflated restarting},
	author={Giraud, Luc and Gratton, Serge and Pinel, Xavier and Vasseur, Xavier},
	journal={SIAM Journal on Scientific Computing},
	volume={32},
	number={4},
	pages={1858--1878},
	year={2010},
	publisher={SIAM}
}

@article{chapman1997deflated,
	title={Deflated and augmented Krylov subspace techniques},
	author={Chapman, Andrew and Saad, Yousef},
	journal={Numerical linear algebra with applications},
	volume={4},
	number={1},
	pages={43--66},
	year={1997},
	publisher={Wiley Online Library}
}

@article{erlangga2008deflation,
	title={Deflation and balancing preconditioners for Krylov subspace methods applied to nonsymmetric matrices},
	author={Erlangga, Yogi A and Nabben, Reinhard},
	journal={SIAM Journal on Matrix Analysis and Applications},
	volume={30},
	number={2},
	pages={684--699},
	year={2008},
	publisher={SIAM}
}

@article{frank2001construction,
	title={On the construction of deflation-based preconditioners},
	author={Frank, Jason and Vuik, Cornelis},
	journal={SIAM Journal on Scientific Computing},
	volume={23},
	number={2},
	pages={442--462},
	year={2001},
	publisher={SIAM}
}

@article{yeung2010convergence,
	title={On the convergence of GMRES with invariant-subspace deflation},
	author={Yeung, MC and Tang, JM and Vuik, Cornelis},
	journal={Reports of the Department of Applied Mathematical Analysis, 10-14},
	year={2010},
	publisher={Delft University of Technology, Faculty of Electrical Engineering, Mathematics and Computer Science, Delft Institute of Applied Mathematics}
}

@article{gaul2013framework,
	title={A framework for deflated and augmented Krylov subspace methods},
	author={Gaul, Andr{\'e} and Gutknecht, Martin H and Liesen, Jorg and Nabben, Reinhard},
	journal={SIAM Journal on Matrix Analysis and Applications},
	volume={34},
	number={2},
	pages={495--518},
	year={2013},
	publisher={SIAM}
}

@article{burrage1998deflation,
	title={A deflation technique for linear systems of equations},
	author={Burrage, Kevin and Erhel, Jocelyne and Pohl, Bert and Williams, Alan},
	journal={SIAM Journal on Scientific Computing},
	volume={19},
	number={4},
	pages={1245--1260},
	year={1998},
	publisher={SIAM}
}

@article{gutknecht2006block,
	title={Block Krylov space methods for linear systems with multiple right-hand sides: an introduction},
	author={Gutknecht, Martin H},
	year={2006},
	publisher={Citeseer}
}
@inproceedings{edjlali1996interleaved,
	title={Interleaved parallel hybrid arnoldi method for a parallel machine and a network of workstations},
	author={Edjlali, Guy and Petiton, S and Emad, Nahid},
	booktitle={Conference on Information, Systems, Analysis and Synthesis (ISAS'96)},
	pages={22--26},
	year={1996}
}

@article{stewart1980efficient,
	title={The efficient generation of random orthogonal matrices with an application to condition estimators},
	author={Stewart, Gilbert W},
	journal={SIAM Journal on Numerical Analysis},
	volume={17},
	number={3},
	pages={403--409},
	year={1980},
	publisher={SIAM}
}

@article{dongarra2015hpcg,
	title={HPCG benchmark: a new metric for ranking high performance computing systems},
	author={Dongarra, Jack and Heroux, Michael A and Luszczek, Piotr},
	journal={Knoxville, Tennessee},
	year={2015}
}

@article{kahan1958rate,
	title={The rate of convergence of the extrapolated Gauss-Seidel iteration, presented at the Conference on Matrix Computations, Wayne State University, September 4, 1957. T. W. Kahan},
	author={Kahan, W},
	journal={Gauss-Seidel methods of solving large systems of linear equations},
	year={1958}
}

@article{kharchenko1995eigenvalue,
	title={Eigenvalue translation based preconditioners for the GMRES (k) method},
	author={Kharchenko, Serge A and Yu. Yeremin, A},
	journal={Numerical linear algebra with applications},
	volume={2},
	number={1},
	pages={51--77},
	year={1995},
	publisher={Wiley Online Library}
}